<?xml version="1.0" encoding="UTF-8"?>
<!DOCTYPE html PUBLIC "-//W3C//DTD XHTML 1.0 Transitional//EN"
    "http://www.w3.org/TR/xhtml1/DTD/xhtml1-transitional.dtd">
<html xmlns="http://www.w3.org/1999/xhtml" xml:lang="en" lang="en">
 <head>
  <title>
</title>
<meta http-equiv="Content-Type" content="text/html;charset=utf-8" />
  <meta name='ocr-system' content='tesseract 3.04.00' />
  <meta name='ocr-capabilities' content='ocr_page ocr_carea ocr_par ocr_line ocrx_word'/>
</head>
<body>
  <div class='ocr_page' id='page_1' title='image "./leoperedigalile06vivigoog_0350.png"; bbox 0 0 3120 5168; ppageno 0'>
   <div class='ocr_carea' id='block_1_1' title="bbox 603 385 1357 453">
    <p class='ocr_par' dir='ltr' id='par_1_1' title="bbox 603 385 1357 453">
     <span class='ocr_line' id='line_1_1' title="bbox 603 385 1357 453; baseline 0.012 -9"><span class='ocrx_word' id='word_1_1' title='bbox 603 400 715 448; x_wconf 75' lang='lat' dir='ltr'>ruscius</span> <span class='ocrx_word' id='word_1_2' title='bbox 738 399 964 447; x_wconf 75' lang='lat' dir='ltr'>oncisunrrosrs.</span> <span class='ocrx_word' id='word_1_3' title='bbox 1291 385 1357 453; x_wconf 78' lang='lat'>33³</span> 
     </span>
    </p>
   </div>
   <div class='ocr_carea' id='block_1_2' title="bbox 215 510 1357 760">
    <p class='ocr_par' dir='ltr' id='par_1_2' title="bbox 215 510 1357 760">
     <span class='ocr_line' id='line_1_2' title="bbox 218 510 1357 582; baseline -0.001 -16"><span class='ocrx_word' id='word_1_4' title='bbox 218 516 276 569; x_wconf 90' lang='lat' dir='ltr'>turn</span> <span class='ocrx_word' id='word_1_5' title='bbox 296 513 457 567; x_wconf 73' lang='lat' dir='ltr'>describere</span> <span class='ocrx_word' id='word_1_6' title='bbox 476 527 638 579; x_wconf 69' lang='lat' dir='ltr'>possumus,</span> <span class='ocrx_word' id='word_1_7' title='bbox 660 518 689 566; x_wconf 90' lang='lat' dir='ltr'>ut</span> <span class='ocrx_word' id='word_1_8' title='bbox 708 512 731 564; x_wconf 79' lang='lat' dir='ltr'>si</span> <span class='ocrx_word' id='word_1_9' title='bbox 751 513 846 565; x_wconf 86' lang='lat' dir='ltr'>datum</span> <span class='ocrx_word' id='word_1_10' title='bbox 865 517 941 566; x_wconf 86' lang='lat' dir='ltr'>esset</span> <span class='ocrx_word' id='word_1_11' title='bbox 958 510 1032 565; x_wconf 82' lang='lat' dir='ltr'>intus</span> <span class='ocrx_word' id='word_1_12' title='bbox 1050 511 1178 582; x_wconf 77' lang='lat' dir='ltr'>quadrati</span> <span class='ocrx_word' id='word_1_13' title='bbox 1200 511 1266 577; x_wconf 35' lang='lat' dir='ltr'>tiit,</span> <span class='ocrx_word' id='word_1_14' title='bbox 1286 514 1357 567; x_wconf 77' lang='lat' dir='ltr'>aciri-</span> 
     </span>
     <span class='ocr_line' id='line_1_3' title="bbox 215 598 1355 672; baseline 0.002 -21"><span class='ocrx_word' id='word_1_15' title='bbox 215 604 308 671; x_wconf 81' lang='lat' dir='ltr'>pimus</span> <span class='ocrx_word' id='word_1_16' title='bbox 326 601 512 672; x_wconf 81' lang='lat' dir='ltr'>quantitstorn</span> <span class='ocrx_word' id='word_1_17' title='bbox 531 598 602 661; x_wconf 74' lang='lat' dir='ltr'>uu,</span> <span class='ocrx_word' id='word_1_18' title='bbox 623 599 696 654; x_wconf 83' lang='lat' dir='ltr'>trane</span> <span class='ocrx_word' id='word_1_19' title='bbox 716 601 828 668; x_wconf 84' lang='lat' dir='ltr'>punctis</span> <span class='ocrx_word' id='word_1_20' title='bbox 845 599 973 670; x_wconf 73' lang='lat' dir='ltr'>quadrati</span> <span class='ocrx_word' id='word_1_21' title='bbox 997 598 1097 654; x_wconf 81' lang='lat' dir='ltr'>tiaram</span> <span class='ocrx_word' id='word_1_22' title='bbox 1119 599 1259 655; x_wconf 85' lang='lat' dir='ltr'>tinearum</span> <span class='ocrx_word' id='word_1_23' title='bbox 1278 605 1355 669; x_wconf 88' lang='lat' dir='ltr'>apta-</span> 
     </span>
     <span class='ocr_line' id='line_1_4' title="bbox 215 689 1354 760; baseline -0.003 -15"><span class='ocrx_word' id='word_1_24' title='bbox 215 709 286 745; x_wconf 87' lang='lat' dir='ltr'>mus.</span> <span class='ocrx_word' id='word_1_25' title='bbox 307 699 334 747; x_wconf 85' lang='lat' dir='ltr'>et</span> <span class='ocrx_word' id='word_1_26' title='bbox 352 690 511 759; x_wconf 75' lang='lat' dir='ltr'>excipimus</span> <span class='ocrx_word' id='word_1_27' title='bbox 525 691 690 745; x_wconf 83' lang='lat' dir='ltr'>distantiam</span> <span class='ocrx_word' id='word_1_28' title='bbox 707 690 783 744; x_wconf 85' lang='lat' dir='ltr'>inter</span> <span class='ocrx_word' id='word_1_29' title='bbox 798 696 901 759; x_wconf 82' lang='lat' dir='ltr'>puncta</span> <span class='ocrx_word' id='word_1_30' title='bbox 914 689 1117 746; x_wconf 71' lang='lat' dir='ltr'>semidiametri</span> <span class='ocrx_word' id='word_1_31' title='bbox 1135 707 1185 760; x_wconf 84' lang='lat' dir='ltr'>pro</span> <span class='ocrx_word' id='word_1_32' title='bbox 1200 690 1305 745; x_wconf 87' lang='lat' dir='ltr'>circuio</span> <span class='ocrx_word' id='word_1_33' title='bbox 1321 692 1354 744; x_wconf 62' lang='lat' dir='ltr'>rt.</span> 
     </span>
    </p>
   </div>
   <div class='ocr_carea' id='block_1_3' title="bbox 398 835 1186 1027">
    <p class='ocr_par' dir='ltr' id='par_1_3' title="bbox 398 835 1186 1027">
     <span class='ocr_line' id='line_1_5' title="bbox 398 835 1186 916; baseline -0.001 -18"><span class='ocrx_word' id='word_1_34' title='bbox 398 835 479 899; x_wconf 85' lang='lat' dir='ltr'>Dato</span> <span class='ocrx_word' id='word_1_35' title='bbox 503 836 683 916; x_wconf 79' lang='lat' dir='ltr'>quadrato.</span> <span class='ocrx_word' id='word_1_36' title='bbox 706 845 886 916; x_wconf 73' lang='lat' dir='ltr'>pontepuro</span> <span class='ocrx_word' id='word_1_37' title='bbox 909 844 964 898; x_wconf 83' lang='lat' dir='ltr'>etr.</span> <span class='ocrx_word' id='word_1_38' title='bbox 990 836 1186 914; x_wconf 77' lang='lat' dir='ltr'>trionpuirrm</span> 
     </span>
     <span class='ocr_line' id='line_1_6' title="bbox 597 947 973 1027; baseline -0.005 -20"><span class='ocrx_word' id='word_1_39' title='bbox 597 947 759 1027; x_wconf 80' lang='lat' dir='ltr'>aequatem</span> <span class='ocrx_word' id='word_1_40' title='bbox 784 956 973 1025; x_wconf 70' lang='lat' dir='ltr'>construere.</span> 
     </span>
    </p>
   </div>
   <div class='ocr_carea' id='block_1_4' title="bbox 638 1090 929 1148">
    <p class='ocr_par' dir='ltr' id='par_1_4' title="bbox 638 1090 929 1148">
     <span class='ocr_line' id='line_1_7' title="bbox 638 1090 929 1148; baseline -0.01 0"><span class='ocrx_word' id='word_1_41' title='bbox 638 1090 764 1148; x_wconf 74' lang='lat' dir='ltr'>CAPUT</span> <span class='ocrx_word' id='word_1_42' title='bbox 788 1090 929 1147; x_wconf 89' lang='lat' dir='ltr'><strong>XXXiX.</strong></span> 
     </span>
    </p>
   </div>
   <div class='ocr_carea' id='block_1_5' title="bbox 210 1253 1354 1690">
    <p class='ocr_par' dir='ltr' id='par_1_5' title="bbox 210 1253 1354 1690">
     <span class='ocr_line' id='line_1_8' title="bbox 285 1253 1352 1327; baseline 0.003 -19"><span class='ocrx_word' id='word_1_43' title='bbox 285 1253 365 1311; x_wconf 50' lang='lat' dir='ltr'>tricet</span> <span class='ocrx_word' id='word_1_44' title='bbox 381 1254 450 1313; x_wconf 77' lang='lat' dir='ltr'>tinec</span> <span class='ocrx_word' id='word_1_45' title='bbox 467 1257 593 1326; x_wconf 69' lang='lat' dir='ltr'>operatio</span> <span class='ocrx_word' id='word_1_46' title='bbox 610 1272 627 1311; x_wconf 80' lang='lat' dir='ltr'>s</span> <span class='ocrx_word' id='word_1_47' title='bbox 646 1256 786 1326; x_wconf 74' lang='lat' dir='ltr'>superiori</span> <span class='ocrx_word' id='word_1_48' title='bbox 815 1270 870 1311; x_wconf 87' lang='lat' dir='ltr'>nou</span> <span class='ocrx_word' id='word_1_49' title='bbox 899 1257 935 1311; x_wconf 87' lang='lat' dir='ltr'>sit</span> <span class='ocrx_word' id='word_1_50' title='bbox 963 1253 1128 1319; x_wconf 79' lang='lat' dir='ltr'>dissimilis,</span> <span class='ocrx_word' id='word_1_51' title='bbox 1153 1260 1247 1312; x_wconf 75' lang='lat' dir='ltr'>tamen</span> <span class='ocrx_word' id='word_1_52' title='bbox 1267 1271 1352 1327; x_wconf 87' lang='lat' dir='ltr'>supra</span> 
     </span>
     <span class='ocr_line' id='line_1_9' title="bbox 210 1344 1353 1417; baseline 0 -16"><span class='ocrx_word' id='word_1_53' title='bbox 210 1347 309 1401; x_wconf 82' lang='lat' dir='ltr'>datum</span> <span class='ocrx_word' id='word_1_54' title='bbox 328 1346 490 1417; x_wconf 81' lang='lat' dir='ltr'>exemptum</span> <span class='ocrx_word' id='word_1_55' title='bbox 508 1346 610 1403; x_wconf 84' lang='lat' dir='ltr'>iterum</span> <span class='ocrx_word' id='word_1_56' title='bbox 631 1349 760 1417; x_wconf 83' lang='lat' dir='ltr'>repetere</span> <span class='ocrx_word' id='word_1_57' title='bbox 786 1358 1028 1416; x_wconf 70' lang='lat' dir='ltr'>supervacaneum</span> <span class='ocrx_word' id='word_1_58' title='bbox 1057 1360 1114 1400; x_wconf 91' lang='lat' dir='ltr'>uon</span> <span class='ocrx_word' id='word_1_59' title='bbox 1140 1346 1235 1401; x_wconf 88' lang='lat' dir='ltr'>credo.</span> <span class='ocrx_word' id='word_1_60' title='bbox 1265 1344 1353 1402; x_wconf 87' lang='lat' dir='ltr'>Detur</span> 
     </span>
     <span class='ocr_line' id='line_1_10' title="bbox 211 1437 1353 1509; baseline 0.001 -18"><span class='ocrx_word' id='word_1_61' title='bbox 211 1439 307 1509; x_wconf 80' lang='lat' dir='ltr'>itaque</span> <span class='ocrx_word' id='word_1_62' title='bbox 324 1438 395 1494; x_wconf 82' lang='lat' dir='ltr'>tutus</span> <span class='ocrx_word' id='word_1_63' title='bbox 412 1439 541 1509; x_wconf 77' lang='lat' dir='ltr'>quadrati</span> <span class='ocrx_word' id='word_1_64' title='bbox 565 1438 637 1501; x_wconf 56' lang='lat' dir='ltr'>Det,</span> <span class='ocrx_word' id='word_1_65' title='bbox 663 1438 708 1494; x_wconf 85' lang='lat' dir='ltr'>oui</span> <span class='ocrx_word' id='word_1_66' title='bbox 729 1439 899 1508; x_wconf 72' lang='lat' dir='ltr'>triangulum</span> <span class='ocrx_word' id='word_1_67' title='bbox 918 1438 1121 1509; x_wconf 81' lang='lat' dir='ltr'>aequitnterum</span> <span class='ocrx_word' id='word_1_68' title='bbox 1140 1437 1285 1508; x_wconf 58' lang='lat' dir='ltr'>amusium</span> <span class='ocrx_word' id='word_1_69' title='bbox 1306 1453 1353 1493; x_wconf 83' lang='lat' dir='ltr'>vo</span> 
     </span>
     <span class='ocr_line' id='line_1_11' title="bbox 211 1527 1354 1600; baseline 0 -17"><span class='ocrx_word' id='word_1_70' title='bbox 211 1530 328 1596; x_wconf 77' lang='lat' dir='ltr'>tumus3</span> <span class='ocrx_word' id='word_1_71' title='bbox 344 1530 487 1600; x_wconf 76' lang='lat' dir='ltr'>aperieiur</span> <span class='ocrx_word' id='word_1_72' title='bbox 499 1531 656 1586; x_wconf 84' lang='lat' dir='ltr'>secuudum</span> <span class='ocrx_word' id='word_1_73' title='bbox 674 1530 781 1585; x_wconf 81' lang='lat' dir='ltr'>dietum</span> <span class='ocrx_word' id='word_1_74' title='bbox 800 1530 873 1585; x_wconf 81' lang='lat' dir='ltr'>istus</span> <span class='ocrx_word' id='word_1_75' title='bbox 892 1530 921 1584; x_wconf 93' lang='lat' dir='ltr'>iu</span> <span class='ocrx_word' id='word_1_76' title='bbox 941 1527 1055 1598; x_wconf 88' lang='lat' dir='ltr'>punctis</span> <span class='ocrx_word' id='word_1_77' title='bbox 1072 1528 1212 1599; x_wconf 68' lang='lat' dir='ltr'>quadrati,</span> <span class='ocrx_word' id='word_1_78' title='bbox 1232 1533 1260 1583; x_wconf 83' lang='lat' dir='ltr'>ct</span> <span class='ocrx_word' id='word_1_79' title='bbox 1278 1528 1354 1583; x_wconf 78' lang='lat' dir='ltr'>exci-</span> 
     </span>
     <span class='ocr_line' id='line_1_12' title="bbox 212 1617 1157 1690; baseline 0.006 -23"><span class='ocrx_word' id='word_1_80' title='bbox 212 1619 306 1686; x_wconf 77' lang='lat' dir='ltr'>pietur</span> <span class='ocrx_word' id='word_1_81' title='bbox 323 1618 457 1674; x_wconf 81' lang='lat' dir='ltr'>distantis</span> <span class='ocrx_word' id='word_1_82' title='bbox 476 1620 552 1675; x_wconf 90' lang='lat' dir='ltr'>iutsr</span> <span class='ocrx_word' id='word_1_83' title='bbox 571 1627 675 1689; x_wconf 84' lang='lat' dir='ltr'>puncta</span> <span class='ocrx_word' id='word_1_84' title='bbox 694 1620 825 1688; x_wconf 74' lang='lat' dir='ltr'>trianguti</span> <span class='ocrx_word' id='word_1_85' title='bbox 846 1636 896 1690; x_wconf 87' lang='lat' dir='ltr'>pro</span> <span class='ocrx_word' id='word_1_86' title='bbox 915 1620 1056 1687; x_wconf 65' lang='lat' dir='ltr'>triangulo</span> <span class='ocrx_word' id='word_1_87' title='bbox 1074 1617 1157 1673; x_wconf 71' lang='lat' dir='ltr'>Ans.</span> 
     </span>
    </p>
   </div>
   <div class='ocr_carea' id='block_1_6' title="bbox 344 1762 1223 1955">
    <p class='ocr_par' dir='ltr' id='par_1_6' title="bbox 344 1762 1223 1955">
     <span class='ocr_line' id='line_1_13' title="bbox 344 1762 1223 1847; baseline -0.003 -19"><span class='ocrx_word' id='word_1_88' title='bbox 344 1762 429 1828; x_wconf 75' lang='lat' dir='ltr'>Doto</span> <span class='ocrx_word' id='word_1_89' title='bbox 462 1768 565 1847; x_wconf 61' lang='lat' dir='ltr'>muru</span> <span class='ocrx_word' id='word_1_90' title='bbox 599 1784 788 1847; x_wconf 74' lang='lat' dir='ltr'>quocunque</span> <span class='ocrx_word' id='word_1_91' title='bbox 823 1764 1014 1845; x_wconf 76' lang='lat' dir='ltr'>irreputuri,</span> <span class='ocrx_word' id='word_1_92' title='bbox 1046 1765 1223 1839; x_wconf 85' lang='lat' dir='ltr'>circutum,</span> 
     </span>
     <span class='ocr_line' id='line_1_14' title="bbox 416 1874 1148 1955; baseline -0.001 -19"><span class='ocrx_word' id='word_1_93' title='bbox 416 1874 608 1955; x_wconf 78' lang='lat' dir='ltr'>quadratum</span> <span class='ocrx_word' id='word_1_94' title='bbox 625 1885 682 1936; x_wconf 84' lang='lat' dir='ltr'>cte.</span> <span class='ocrx_word' id='word_1_95' title='bbox 699 1876 759 1954; x_wconf 85' lang='lat' dir='ltr'>ipsi</span> <span class='ocrx_word' id='word_1_96' title='bbox 775 1875 935 1955; x_wconf 80' lang='lat' dir='ltr'>ueqnnteur</span> <span class='ocrx_word' id='word_1_97' title='bbox 955 1885 1148 1939; x_wconf 77' lang='lat' dir='ltr'>construere.</span> 
     </span>
    </p>
   </div>
   <div class='ocr_carea' id='block_1_7' title="bbox 682 2018 887 2075">
    <p class='ocr_par' dir='ltr' id='par_1_7' title="bbox 682 2018 887 2075">
     <span class='ocr_line' id='line_1_15' title="bbox 682 2018 887 2075; baseline 0 -2"><span class='ocrx_word' id='word_1_98' title='bbox 682 2018 806 2075; x_wconf 73' lang='lat' dir='ltr'>ett‘tit&#39;</span> <span class='ocrx_word' id='word_1_99' title='bbox 826 2018 887 2074; x_wconf 85' lang='lat' dir='ltr'>XL.</span> 
     </span>
    </p>
   </div>
   <div class='ocr_carea' id='block_1_8' title="bbox 206 2160 1356 3063">
    <p class='ocr_par' dir='ltr' id='par_1_8' title="bbox 206 2160 1356 3063">
     <span class='ocr_line' id='line_1_16' title="bbox 284 2160 1352 2235; baseline -0.003 -17"><span class='ocrx_word' id='word_1_100' title='bbox 284 2163 336 2229; x_wconf 86' lang='lat' dir='ltr'>Sit,</span> <span class='ocrx_word' id='word_1_101' title='bbox 356 2167 387 2218; x_wconf 93' lang='lat' dir='ltr'>ut</span> <span class='ocrx_word' id='word_1_102' title='bbox 403 2179 465 2235; x_wconf 82' lang='lat' dir='ltr'>cap.</span> <span class='ocrx_word' id='word_1_103' title='bbox 484 2165 519 2218; x_wconf 78' lang='lat' dir='ltr'>ti</span> <span class='ocrx_word' id='word_1_104' title='bbox 537 2163 683 2229; x_wconf 70' lang='lat' dir='ltr'>diximus,</span> <span class='ocrx_word' id='word_1_105' title='bbox 704 2162 863 2223; x_wconf 80' lang='lat' dir='ltr'>triauuutus</span> <span class='ocrx_word' id='word_1_106' title='bbox 886 2163 1092 2234; x_wconf 80' lang='lat' dir='ltr'>qualiscunque</span> <span class='ocrx_word' id='word_1_107' title='bbox 1108 2160 1180 2217; x_wconf 78' lang='lat' dir='ltr'>ABG</span> <span class='ocrx_word' id='word_1_108' title='bbox 1201 2162 1279 2233; x_wconf 79' lang='lat' dir='ltr'>(Tati.</span> <span class='ocrx_word' id='word_1_109' title='bbox 1298 2161 1352 2225; x_wconf 86' lang='lat' dir='ltr'>Xt,</span> 
     </span>
     <span class='ocr_line' id='line_1_17' title="bbox 210 2253 1353 2326; baseline -0.002 -16"><span class='ocrx_word' id='word_1_110' title='bbox 210 2256 271 2325; x_wconf 74' lang='lat' dir='ltr'>erg.</span> <span class='ocrx_word' id='word_1_111' title='bbox 291 2255 347 2326; x_wconf 74' lang='lat'>52),</span> <span class='ocrx_word' id='word_1_112' title='bbox 360 2256 407 2311; x_wconf 92' lang='lat' dir='ltr'>cni</span> <span class='ocrx_word' id='word_1_113' title='bbox 420 2256 573 2321; x_wconf 86' lang='lat' dir='ltr'>circutum,</span> <span class='ocrx_word' id='word_1_114' title='bbox 589 2255 756 2325; x_wconf 78' lang='lat' dir='ltr'>quadrarum</span> <span class='ocrx_word' id='word_1_115' title='bbox 769 2255 967 2324; x_wconf 81' lang='lat' dir='ltr'>etc.‚·sequate</span> <span class='ocrx_word' id='word_1_116' title='bbox 980 2253 1109 2308; x_wconf 87' lang='lat' dir='ltr'>invenire</span> <span class='ocrx_word' id='word_1_117' title='bbox 1121 2255 1212 2323; x_wconf 87' lang='lat' dir='ltr'>cupio.</span> <span class='ocrx_word' id='word_1_118' title='bbox 1225 2253 1353 2309; x_wconf 84' lang='lat' dir='ltr'>Primum</span> 
     </span>
     <span class='ocr_line' id='line_1_18' title="bbox 207 2345 1355 2416; baseline -0.001 -15"><span class='ocrx_word' id='word_1_119' title='bbox 207 2352 359 2416; x_wconf 82' lang='lat' dir='ltr'>quaeratur</span> <span class='ocrx_word' id='word_1_120' title='bbox 377 2347 452 2403; x_wconf 87' lang='lat' dir='ltr'>inter</span> <span class='ocrx_word' id='word_1_121' title='bbox 471 2351 558 2402; x_wconf 80' lang='lat' dir='ltr'>totam</span> <span class='ocrx_word' id='word_1_122' title='bbox 578 2347 668 2401; x_wconf 79' lang='lat' dir='ltr'>busim</span> <span class='ocrx_word' id='word_1_123' title='bbox 681 2352 710 2401; x_wconf 87' lang='lat' dir='ltr'>et</span> <span class='ocrx_word' id='word_1_124' title='bbox 722 2346 1145 2416; x_wconf 84' lang='lat' dir='ltr'>dimidium-perpendicularem</span> <span class='ocrx_word' id='word_1_125' title='bbox 1162 2347 1253 2415; x_wconf 86' lang='lat' dir='ltr'>ipsius</span> <span class='ocrx_word' id='word_1_126' title='bbox 1269 2345 1355 2400; x_wconf 84' lang='lat' dir='ltr'>triso-</span> 
     </span>
     <span class='ocr_line' id='line_1_19' title="bbox 209 2441 1355 2514; baseline -0.003 -17"><span class='ocrx_word' id='word_1_127' title='bbox 209 2442 266 2511; x_wconf 79' lang='lat' dir='ltr'>guti</span> <span class='ocrx_word' id='word_1_128' title='bbox 286 2443 379 2498; x_wconf 88' lang='lat' dir='ltr'>media</span> <span class='ocrx_word' id='word_1_129' title='bbox 399 2443 631 2514; x_wconf 81' lang='lat' dir='ltr'>proportionalis,</span> <span class='ocrx_word' id='word_1_130' title='bbox 652 2446 682 2497; x_wconf 92' lang='lat' dir='ltr'>ut</span> <span class='ocrx_word' id='word_1_131' title='bbox 701 2443 805 2499; x_wconf 84' lang='lat' dir='ltr'>ibidem</span> <span class='ocrx_word' id='word_1_132' title='bbox 824 2441 1096 2507; x_wconf 85' lang='lat' dir='ltr'>demonstravimus,</span> <span class='ocrx_word' id='word_1_133' title='bbox 1115 2456 1189 2511; x_wconf 84' lang='lat' dir='ltr'>quae</span> <span class='ocrx_word' id='word_1_134' title='bbox 1207 2441 1262 2496; x_wconf 86' lang='lat' dir='ltr'>erit</span> <span class='ocrx_word' id='word_1_135' title='bbox 1280 2442 1355 2495; x_wconf 85' lang='lat' dir='ltr'>tatus</span> 
     </span>
     <span class='ocr_line' id='line_1_20' title="bbox 208 2533 1352 2606; baseline 0 -18"><span class='ocrx_word' id='word_1_136' title='bbox 208 2533 340 2604; x_wconf 76' lang='lat' dir='ltr'>quadrati</span> <span class='ocrx_word' id='word_1_137' title='bbox 352 2535 480 2606; x_wconf 85' lang='lat' dir='ltr'>aequatis</span> <span class='ocrx_word' id='word_1_138' title='bbox 496 2535 551 2605; x_wconf 84' lang='lat' dir='ltr'>ipsi</span> <span class='ocrx_word' id='word_1_139' title='bbox 571 2536 712 2605; x_wconf 77' lang='lat' dir='ltr'>triangulo</span> <span class='ocrx_word' id='word_1_140' title='bbox 725 2534 812 2603; x_wconf 57' lang='lat' dir='ltr'>AB&amp;</span> <span class='ocrx_word' id='word_1_141' title='bbox 827 2535 986 2590; x_wconf 86' lang='lat' dir='ltr'>secuudum</span> <span class='ocrx_word' id='word_1_142' title='bbox 1000 2533 1053 2588; x_wconf 87' lang='lat' dir='ltr'>troo</span> <span class='ocrx_word' id='word_1_143' title='bbox 1065 2534 1150 2600; x_wconf 81' lang='lat' dir='ltr'>tatus,</span> <span class='ocrx_word' id='word_1_144' title='bbox 1167 2534 1212 2588; x_wconf 85' lang='lat' dir='ltr'>ret</span> <span class='ocrx_word' id='word_1_145' title='bbox 1230 2533 1352 2589; x_wconf 89' lang='lat' dir='ltr'>mediam</span> 
     </span>
     <span class='ocr_line' id='line_1_21' title="bbox 211 2622 1356 2697; baseline 0.001 -19"><span class='ocrx_word' id='word_1_146' title='bbox 211 2625 449 2694; x_wconf 66' lang='lat' dir='ltr'>proportionem</span> <span class='ocrx_word' id='word_1_147' title='bbox 470 2625 503 2691; x_wconf 78' lang='lat' dir='ltr'>F,</span> <span class='ocrx_word' id='word_1_148' title='bbox 522 2628 668 2697; x_wconf 82' lang='lat' dir='ltr'>aperiatur</span> <span class='ocrx_word' id='word_1_149' title='bbox 686 2627 716 2681; x_wconf 91' lang='lat' dir='ltr'>in</span> <span class='ocrx_word' id='word_1_150' title='bbox 736 2626 851 2697; x_wconf 86' lang='lat' dir='ltr'>punctis</span> <span class='ocrx_word' id='word_1_151' title='bbox 868 2625 998 2697; x_wconf 73' lang='lat' dir='ltr'>quadrati</span> <span class='ocrx_word' id='word_1_152' title='bbox 1016 2625 1046 2679; x_wconf 91' lang='lat' dir='ltr'>in</span> <span class='ocrx_word' id='word_1_153' title='bbox 1066 2622 1118 2679; x_wconf 78' lang='lat' dir='ltr'>hac</span> <span class='ocrx_word' id='word_1_154' title='bbox 1137 2624 1224 2691; x_wconf 84' lang='lat' dir='ltr'>tinea,</span> <span class='ocrx_word' id='word_1_155' title='bbox 1239 2629 1267 2680; x_wconf 90' lang='lat' dir='ltr'>et</span> <span class='ocrx_word' id='word_1_156' title='bbox 1279 2626 1356 2681; x_wconf 83' lang='lat' dir='ltr'>exei-</span> 
     </span>
     <span class='ocr_line' id='line_1_22' title="bbox 210 2715 1355 2786; baseline 0.004 -18"><span class='ocrx_word' id='word_1_157' title='bbox 210 2715 306 2783; x_wconf 84' lang='lat' dir='ltr'>piatur</span> <span class='ocrx_word' id='word_1_158' title='bbox 324 2715 506 2772; x_wconf 78' lang='lat' dir='ltr'>intervallum</span> <span class='ocrx_word' id='word_1_159' title='bbox 521 2720 692 2786; x_wconf 81' lang='lat' dir='ltr'>punctorum</span> <span class='ocrx_word' id='word_1_160' title='bbox 710 2716 820 2785; x_wconf 70' lang='lat' dir='ltr'>tipurne</span> <span class='ocrx_word' id='word_1_161' title='bbox 839 2717 1024 2772; x_wconf 70' lang='lat' dir='ltr'>desideratae.</span> <span class='ocrx_word' id='word_1_162' title='bbox 1044 2715 1192 2786; x_wconf 86' lang='lat' dir='ltr'>Hinoqne,</span> <span class='ocrx_word' id='word_1_163' title='bbox 1212 2716 1238 2771; x_wconf 90' lang='lat' dir='ltr'>si</span> <span class='ocrx_word' id='word_1_164' title='bbox 1256 2717 1355 2781; x_wconf 85' lang='lat' dir='ltr'>vides,</span> 
     </span>
     <span class='ocr_line' id='line_1_23' title="bbox 210 2804 1352 2889; baseline 0.001 -27"><span class='ocrx_word' id='word_1_165' title='bbox 210 2805 443 2863; x_wconf 70' lang='lat' dir='ltr'>manifestissime</span> <span class='ocrx_word' id='word_1_166' title='bbox 461 2807 566 2877; x_wconf 86' lang='lat' dir='ltr'>pendet</span> <span class='ocrx_word' id='word_1_167' title='bbox 585 2808 690 2863; x_wconf 88' lang='lat' dir='ltr'>sotntio</span> <span class='ocrx_word' id='word_1_168' title='bbox 710 2807 798 2889; x_wconf 76' lang='lat' dir='ltr'>probi.</span> <span class='ocrx_word' id='word_1_169' title='bbox 819 2812 856 2873; x_wconf 73' lang='lat'>2,</span> <span class='ocrx_word' id='word_1_170' title='bbox 876 2822 957 2877; x_wconf 85' lang='lat' dir='ltr'>prop.</span> <span class='ocrx_word' id='word_1_171' title='bbox 976 2810 1033 2875; x_wconf 83' lang='lat' dir='ltr'>tt,</span> <span class='ocrx_word' id='word_1_172' title='bbox 1054 2806 1102 2862; x_wconf 85' lang='lat' dir='ltr'>tib.</span> <span class='ocrx_word' id='word_1_173' title='bbox 1119 2822 1144 2862; x_wconf 87' lang='lat' dir='ltr'>rr</span> <span class='ocrx_word' id='word_1_174' title='bbox 1161 2804 1262 2874; x_wconf 79' lang='lat' dir='ltr'>Enet3</span> <span class='ocrx_word' id='word_1_175' title='bbox 1287 2822 1352 2863; x_wconf 86' lang='lat' dir='ltr'>uam</span> 
     </span>
     <span class='ocr_line' id='line_1_24' title="bbox 208 2898 1354 2969; baseline 0.003 -18"><span class='ocrx_word' id='word_1_176' title='bbox 208 2898 233 2951; x_wconf 88' lang='lat' dir='ltr'>si</span> <span class='ocrx_word' id='word_1_177' title='bbox 254 2913 292 2952; x_wconf 82' lang='lat' dir='ltr'>ex</span> <span class='ocrx_word' id='word_1_178' title='bbox 310 2898 455 2955; x_wconf 79' lang='lat' dir='ltr'>rectilineo</span> <span class='ocrx_word' id='word_1_179' title='bbox 472 2900 680 2955; x_wconf 66' lang='lat' dir='ltr'>constituemus</span> <span class='ocrx_word' id='word_1_180' title='bbox 698 2901 771 2953; x_wconf 76' lang='lat' dir='ltr'>riuos</span> <span class='ocrx_word' id='word_1_181' title='bbox 790 2899 956 2969; x_wconf 75' lang='lat' dir='ltr'>triungntos,</span> <span class='ocrx_word' id='word_1_182' title='bbox 974 2905 1003 2954; x_wconf 88' lang='lat' dir='ltr'>et</span> <span class='ocrx_word' id='word_1_183' title='bbox 1018 2900 1093 2954; x_wconf 87' lang='lat' dir='ltr'>inter</span> <span class='ocrx_word' id='word_1_184' title='bbox 1112 2902 1199 2955; x_wconf 79' lang='lat' dir='ltr'>totam</span> <span class='ocrx_word' id='word_1_185' title='bbox 1218 2899 1308 2956; x_wconf 82' lang='lat' dir='ltr'>basim</span> <span class='ocrx_word' id='word_1_186' title='bbox 1325 2906 1354 2956; x_wconf 85' lang='lat' dir='ltr'>et</span> 
     </span>
     <span class='ocr_line' id='line_1_25' title="bbox 206 2989 1354 3063; baseline 0.006 -22"><span class='ocrx_word' id='word_1_187' title='bbox 206 2990 356 3045; x_wconf 84' lang='lat' dir='ltr'>dimidiam</span> <span class='ocrx_word' id='word_1_188' title='bbox 384 2991 645 3060; x_wconf 70' lang='lat' dir='ltr'>perpendicularem</span> <span class='ocrx_word' id='word_1_189' title='bbox 670 2991 899 3063; x_wconf 86' lang='lat' dir='ltr'>uniuscujusque</span> <span class='ocrx_word' id='word_1_190' title='bbox 928 2992 1061 3061; x_wconf 80' lang='lat' dir='ltr'>trianguli</span> <span class='ocrx_word' id='word_1_191' title='bbox 1095 2989 1276 3045; x_wconf 84' lang='lat' dir='ltr'>inveniemus</span> <span class='ocrx_word' id='word_1_192' title='bbox 1298 3007 1354 3048; x_wconf 73' lang='lat' dir='ltr'>me</span> 
     </span>
    </p>
   </div>
   <div class='ocr_carea' id='block_1_9' title="bbox 205 3076 1453 3162">
    <p class='ocr_par' dir='ltr' id='par_1_9' title="bbox 205 3076 1453 3162">
     <span class='ocr_line' id='line_1_26' title="bbox 205 3076 1453 3162; baseline 0 -25"><span class='ocrx_word' id='word_1_193' title='bbox 205 3084 282 3138; x_wconf 86' lang='lat' dir='ltr'>diam</span> <span class='ocrx_word' id='word_1_194' title='bbox 303 3083 552 3154; x_wconf 81' lang='lat' dir='ltr'>proportionalem,</span> <span class='ocrx_word' id='word_1_195' title='bbox 574 3080 743 3141; x_wconf 85' lang='lat' dir='ltr'>babebimus</span> <span class='ocrx_word' id='word_1_196' title='bbox 760 3085 848 3162; x_wconf 84' lang='lat' dir='ltr'>latera</span> <span class='ocrx_word' id='word_1_197' title='bbox 866 3082 990 3139; x_wconf 90' lang='lat' dir='ltr'>duorum</span> <span class='ocrx_word' id='word_1_198' title='bbox 1010 3084 1228 3153; x_wconf 79' lang='lat' dir='ltr'>quadraturam,</span> <span class='ocrx_word' id='word_1_199' title='bbox 1247 3082 1353 3153; x_wconf 86' lang='lat' dir='ltr'>quibus</span> <span class='ocrx_word' id='word_1_200' title='bbox 1451 3076 1453 3080; x_wconf 76' lang='grc'><strong>’</strong></span> 
     </span>
    </p>
   </div>
   <div class='ocr_carea' id='block_1_10' title="bbox 206 3174 1353 3338">
    <p class='ocr_par' dir='ltr' id='par_1_10' title="bbox 206 3174 1353 3338">
     <span class='ocr_line' id='line_1_27' title="bbox 206 3174 1353 3248; baseline 0.003 -21"><span class='ocrx_word' id='word_1_201' title='bbox 206 3174 230 3227; x_wconf 81' lang='lat' dir='ltr'>si</span> <span class='ocrx_word' id='word_1_202' title='bbox 251 3174 370 3230; x_wconf 90' lang='lat' dir='ltr'>unicum</span> <span class='ocrx_word' id='word_1_203' title='bbox 391 3176 510 3246; x_wconf 81' lang='lat' dir='ltr'>aequate</span> <span class='ocrx_word' id='word_1_204' title='bbox 529 3176 735 3240; x_wconf 78' lang='lat' dir='ltr'>invenerimus,</span> <span class='ocrx_word' id='word_1_205' title='bbox 750 3176 919 3233; x_wconf 86' lang='lat' dir='ltr'>habebimus</span> <span class='ocrx_word' id='word_1_206' title='bbox 933 3177 1104 3248; x_wconf 85' lang='lat' dir='ltr'>quadratum</span> <span class='ocrx_word' id='word_1_207' title='bbox 1123 3176 1188 3232; x_wconf 89' lang='lat' dir='ltr'>dato</span> <span class='ocrx_word' id='word_1_208' title='bbox 1206 3176 1353 3233; x_wconf 83' lang='lat' dir='ltr'>rectilineo</span> 
     </span>
     <span class='ocr_line' id='line_1_28' title="bbox 207 3265 931 3338; baseline 0.007 -22"><span class='ocrx_word' id='word_1_209' title='bbox 207 3266 335 3336; x_wconf 77' lang='lat' dir='ltr'>aequate,</span> <span class='ocrx_word' id='word_1_210' title='bbox 355 3266 432 3336; x_wconf 85' lang='lat' dir='ltr'>quod</span> <span class='ocrx_word' id='word_1_211' title='bbox 451 3265 614 3322; x_wconf 82' lang='lat' dir='ltr'>iaciendum</span> <span class='ocrx_word' id='word_1_212' title='bbox 634 3268 811 3338; x_wconf 88' lang='lat' dir='ltr'>propositum</span> <span class='ocrx_word' id='word_1_213' title='bbox 831 3267 931 3324; x_wconf 83' lang='lat' dir='ltr'>tuerat.</span> 
     </span>
    </p>
   </div>
   <div class='ocr_carea' id='block_1_11' title="bbox 322 3409 1238 3633">
    <p class='ocr_par' dir='ltr' id='par_1_11' title="bbox 322 3409 1238 3633">
     <span class='ocr_line' id='line_1_29' title="bbox 322 3409 1238 3494; baseline 0.002 -21"><span class='ocrx_word' id='word_1_214' title='bbox 322 3409 451 3474; x_wconf 84' lang='lat' dir='ltr'>Lineam</span> <span class='ocrx_word' id='word_1_215' title='bbox 476 3413 636 3492; x_wconf 79' lang='lat' dir='ltr'>aequatem</span> <span class='ocrx_word' id='word_1_216' title='bbox 660 3414 772 3476; x_wconf 86' lang='lat' dir='ltr'>circuti</span> <span class='ocrx_word' id='word_1_217' title='bbox 794 3415 1064 3494; x_wconf 72' lang='lat' dir='ltr'>circuruserentioe</span> <span class='ocrx_word' id='word_1_218' title='bbox 1088 3417 1238 3477; x_wconf 78' lang='lat' dir='ltr'>inuenire.</span> 
     </span>
     <span class='ocr_line' id='line_1_30' title="bbox 667 3577 887 3633; baseline 0.005 -1"><span class='ocrx_word' id='word_1_219' title='bbox 667 3577 792 3633; x_wconf 64' lang='lat' dir='ltr'>utrum</span> <span class='ocrx_word' id='word_1_220' title='bbox 814 3578 887 3633; x_wconf 72' lang='lat' dir='ltr'>xit.</span> 
     </span>
    </p>
   </div>
   <div class='ocr_carea' id='block_1_12' title="bbox 203 3714 1352 4526">
    <p class='ocr_par' dir='ltr' id='par_1_12' title="bbox 203 3714 1352 4526">
     <span class='ocr_line' id='line_1_31' title="bbox 276 3714 1352 3788; baseline 0.004 -18"><span class='ocrx_word' id='word_1_221' title='bbox 276 3714 433 3786; x_wconf 78' lang='lat' dir='ltr'>Aperistur</span> <span class='ocrx_word' id='word_1_222' title='bbox 451 3721 481 3775; x_wconf 89' lang='lat' dir='ltr'>in</span> <span class='ocrx_word' id='word_1_223' title='bbox 501 3720 615 3788; x_wconf 84' lang='lat' dir='ltr'>punctis</span> <span class='ocrx_word' id='word_1_224' title='bbox 633 3721 848 3788; x_wconf 83' lang='lat' dir='ltr'>semidiametri,</span> <span class='ocrx_word' id='word_1_225' title='bbox 862 3722 1021 3778; x_wconf 86' lang='lat' dir='ltr'>seeundum</span> <span class='ocrx_word' id='word_1_226' title='bbox 1034 3722 1277 3778; x_wconf 76' lang='lat' dir='ltr'>semidiametrnm</span> <span class='ocrx_word' id='word_1_227' title='bbox 1293 3722 1352 3776; x_wconf 77' lang='lat' dir='ltr'>deti</span> 
     </span>
     <span class='ocr_line' id='line_1_32' title="bbox 203 3806 1351 3882; baseline 0.005 -23"><span class='ocrx_word' id='word_1_228' title='bbox 203 3806 324 3873; x_wconf 89' lang='lat' dir='ltr'>cirenti,</span> <span class='ocrx_word' id='word_1_229' title='bbox 343 3813 372 3863; x_wconf 88' lang='lat' dir='ltr'>st</span> <span class='ocrx_word' id='word_1_230' title='bbox 391 3810 553 3880; x_wconf 81' lang='lat' dir='ltr'>excipietur</span> <span class='ocrx_word' id='word_1_231' title='bbox 567 3812 690 3881; x_wconf 79' lang='lat' dir='ltr'>spatium</span> <span class='ocrx_word' id='word_1_232' title='bbox 710 3817 883 3881; x_wconf 87' lang='lat' dir='ltr'>punctorum</span> <span class='ocrx_word' id='word_1_233' title='bbox 901 3815 1022 3882; x_wconf 78' lang='lat' dir='ltr'>quartus</span> <span class='ocrx_word' id='word_1_234' title='bbox 1039 3812 1128 3882; x_wconf 88' lang='lat' dir='ltr'>partis</span> <span class='ocrx_word' id='word_1_235' title='bbox 1145 3811 1351 3868; x_wconf 74' lang='lat' dir='ltr'>circumferen-</span> 
     </span>
     <span class='ocr_line' id='line_1_33' title="bbox 204 3896 1349 3977; baseline 0.004 -26"><span class='ocrx_word' id='word_1_236' title='bbox 204 3896 272 3963; x_wconf 84' lang='lat' dir='ltr'>tise,</span> <span class='ocrx_word' id='word_1_237' title='bbox 290 3899 368 3968; x_wconf 79' lang='lat' dir='ltr'>qnod</span> <span class='ocrx_word' id='word_1_238' title='bbox 386 3899 568 3977; x_wconf 64' lang='lat' dir='ltr'>interesttnm</span> <span class='ocrx_word' id='word_1_239' title='bbox 584 3908 686 3974; x_wconf 84' lang='lat' dir='ltr'>qnater</span> <span class='ocrx_word' id='word_1_240' title='bbox 699 3907 897 3959; x_wconf 86' lang='lat' dir='ltr'>mensuratum</span> <span class='ocrx_word' id='word_1_241' title='bbox 913 3917 1000 3974; x_wconf 88' lang='lat' dir='ltr'>snpra</span> <span class='ocrx_word' id='word_1_242' title='bbox 1012 3904 1136 3974; x_wconf 81' lang='lat' dir='ltr'>ntiquom</span> <span class='ocrx_word' id='word_1_243' title='bbox 1152 3904 1266 3965; x_wconf 81' lang='lat' dir='ltr'>tineam,</span> <span class='ocrx_word' id='word_1_244' title='bbox 1283 3919 1349 3958; x_wconf 90' lang='lat' dir='ltr'>con-</span> 
     </span>
     <span class='ocr_line' id='line_1_34' title="bbox 203 3986 1347 4064; baseline 0.009 -24"><span class='ocrx_word' id='word_1_245' title='bbox 203 3986 305 4043; x_wconf 83' lang='lat' dir='ltr'>stituet</span> <span class='ocrx_word' id='word_1_246' title='bbox 324 3989 401 4047; x_wconf 71' lang='lat' dir='ltr'>ilium</span> <span class='ocrx_word' id='word_1_247' title='bbox 420 3995 568 4064; x_wconf 77' lang='lat' dir='ltr'>sequetem</span> <span class='ocrx_word' id='word_1_248' title='bbox 589 3995 639 4049; x_wconf 92' lang='lat' dir='ltr'>toti</span> <span class='ocrx_word' id='word_1_249' title='bbox 657 3994 896 4050; x_wconf 79' lang='lat' dir='ltr'>eircnutereutiso</span> <span class='ocrx_word' id='word_1_250' title='bbox 913 3995 1022 4051; x_wconf 84' lang='lat' dir='ltr'>circuti.</span> <span class='ocrx_word' id='word_1_251' title='bbox 1049 3994 1075 4050; x_wconf 77' lang='lat' dir='ltr'>ii</span> <span class='ocrx_word' id='word_1_252' title='bbox 1101 4009 1239 4052; x_wconf 72' lang='lat' dir='ltr'>converso</span> <span class='ocrx_word' id='word_1_253' title='bbox 1262 3995 1347 4051; x_wconf 78' lang='lat' dir='ltr'>etisnr</span> 
     </span>
     <span class='ocr_line' id='line_1_35' title="bbox 204 4079 1347 4152; baseline 0.002 -15"><span class='ocrx_word' id='word_1_254' title='bbox 204 4079 228 4131; x_wconf 78' lang='lat' dir='ltr'>si</span> <span class='ocrx_word' id='word_1_255' title='bbox 245 4080 421 4149; x_wconf 81' lang='lat' dir='ltr'>propositum</span> <span class='ocrx_word' id='word_1_256' title='bbox 439 4090 515 4141; x_wconf 84' lang='lat' dir='ltr'>esset</span> <span class='ocrx_word' id='word_1_257' title='bbox 533 4087 626 4141; x_wconf 83' lang='lat' dir='ltr'>datam</span> <span class='ocrx_word' id='word_1_258' title='bbox 646 4088 751 4143; x_wconf 87' lang='lat' dir='ltr'>tineam</span> <span class='ocrx_word' id='word_1_259' title='bbox 774 4092 886 4143; x_wconf 84' lang='lat' dir='ltr'>mutare</span> <span class='ocrx_word' id='word_1_260' title='bbox 904 4086 935 4142; x_wconf 90' lang='lat' dir='ltr'>iu</span> <span class='ocrx_word' id='word_1_261' title='bbox 953 4087 1109 4152; x_wconf 79' lang='lat' dir='ltr'>circutum,</span> <span class='ocrx_word' id='word_1_262' title='bbox 1130 4087 1176 4143; x_wconf 81' lang='lat' dir='ltr'>itta</span> <span class='ocrx_word' id='word_1_263' title='bbox 1194 4087 1347 4143; x_wconf 82' lang='lat' dir='ltr'>dividenda</span> 
     </span>
     <span class='ocr_line' id='line_1_36' title="bbox 204 4172 1347 4252; baseline 0.01 -30"><span class='ocrx_word' id='word_1_264' title='bbox 204 4175 282 4225; x_wconf 79' lang='lat' dir='ltr'>esset</span> <span class='ocrx_word' id='word_1_265' title='bbox 299 4172 329 4226; x_wconf 91' lang='lat' dir='ltr'>in</span> <span class='ocrx_word' id='word_1_266' title='bbox 348 4180 469 4245; x_wconf 76' lang='lat' dir='ltr'>quatuor</span> <span class='ocrx_word' id='word_1_267' title='bbox 487 4183 581 4248; x_wconf 87' lang='lat' dir='ltr'>partes</span> <span class='ocrx_word' id='word_1_268' title='bbox 598 4178 743 4252; x_wconf 81' lang='lat' dir='ltr'>aequales,</span> <span class='ocrx_word' id='word_1_269' title='bbox 766 4184 846 4246; x_wconf 85' lang='lat' dir='ltr'>tuuc,</span> <span class='ocrx_word' id='word_1_270' title='bbox 862 4179 970 4236; x_wconf 84' lang='lat' dir='ltr'>eircino</span> <span class='ocrx_word' id='word_1_271' title='bbox 987 4181 1094 4252; x_wconf 84' lang='lat' dir='ltr'>atiquo,</span> <span class='ocrx_word' id='word_1_272' title='bbox 1114 4185 1229 4251; x_wconf 83' lang='lat' dir='ltr'>sucepta</span> <span class='ocrx_word' id='word_1_273' title='bbox 1247 4187 1347 4251; x_wconf 82' lang='lat' dir='ltr'>quana</span> 
     </span>
     <span class='ocr_line' id='line_1_37' title="bbox 205 4264 1349 4342; baseline 0.007 -25"><span class='ocrx_word' id='word_1_274' title='bbox 205 4266 287 4329; x_wconf 83' lang='lat' dir='ltr'>parte</span> <span class='ocrx_word' id='word_1_275' title='bbox 296 4264 379 4322; x_wconf 87' lang='lat' dir='ltr'>istius</span> <span class='ocrx_word' id='word_1_276' title='bbox 388 4267 490 4336; x_wconf 73' lang='lat' dir='ltr'>tineae,</span> <span class='ocrx_word' id='word_1_277' title='bbox 504 4271 980 4342; x_wconf 76' lang='lat' dir='ltr'>accommodaturpunuuqnarue</span> <span class='ocrx_word' id='word_1_278' title='bbox 991 4271 1078 4341; x_wconf 78' lang='lat' dir='ltr'>pertis</span> <span class='ocrx_word' id='word_1_279' title='bbox 1091 4269 1349 4327; x_wconf 77' lang='lat' dir='ltr'>circumferentiae.</span> 
     </span>
     <span class='ocr_line' id='line_1_38' title="bbox 204 4357 1349 4433; baseline 0.003 -24"><span class='ocrx_word' id='word_1_280' title='bbox 204 4361 232 4409; x_wconf 89' lang='lat' dir='ltr'>et</span> <span class='ocrx_word' id='word_1_281' title='bbox 254 4357 397 4426; x_wconf 79' lang='lat' dir='ltr'>excipitur</span> <span class='ocrx_word' id='word_1_282' title='bbox 414 4360 546 4416; x_wconf 86' lang='lat' dir='ltr'>distantia</span> <span class='ocrx_word' id='word_1_283' title='bbox 561 4361 636 4418; x_wconf 86' lang='lat' dir='ltr'>inter</span> <span class='ocrx_word' id='word_1_284' title='bbox 649 4368 754 4433; x_wconf 77' lang='lat' dir='ltr'>puncta</span> <span class='ocrx_word' id='word_1_285' title='bbox 767 4362 983 4430; x_wconf 82' lang='lat' dir='ltr'>semidiametri,</span> <span class='ocrx_word' id='word_1_286' title='bbox 996 4379 1033 4418; x_wconf 85' lang='lat' dir='ltr'>ex</span> <span class='ocrx_word' id='word_1_287' title='bbox 1046 4376 1102 4433; x_wconf 84' lang='lat' dir='ltr'>qun</span> <span class='ocrx_word' id='word_1_288' title='bbox 1115 4361 1286 4416; x_wconf 74' lang='lat' dir='ltr'>desrnbitnr</span> <span class='ocrx_word' id='word_1_289' title='bbox 1298 4360 1349 4413; x_wconf 84' lang='lat' dir='ltr'>rir-</span> 
     </span>
     <span class='ocr_line' id='line_1_39' title="bbox 203 4446 1088 4526; baseline 0.01 -29"><span class='ocrx_word' id='word_1_290' title='bbox 203 4446 299 4513; x_wconf 86' lang='lat' dir='ltr'>rutns,</span> <span class='ocrx_word' id='word_1_291' title='bbox 320 4447 404 4516; x_wconf 80' lang='lat' dir='ltr'>cnjus</span> <span class='ocrx_word' id='word_1_292' title='bbox 421 4450 650 4507; x_wconf 75' lang='lat' dir='ltr'>circumferentia</span> <span class='ocrx_word' id='word_1_293' title='bbox 669 4453 795 4526; x_wconf 77' lang='lat' dir='ltr'>aequatis</span> <span class='ocrx_word' id='word_1_294' title='bbox 813 4452 867 4508; x_wconf 84' lang='lat' dir='ltr'>erit</span> <span class='ocrx_word' id='word_1_295' title='bbox 885 4453 978 4509; x_wconf 86' lang='lat' dir='ltr'>lineae</span> <span class='ocrx_word' id='word_1_296' title='bbox 997 4454 1088 4507; x_wconf 67' lang='lat' dir='ltr'>statne.</span> 
     </span>
    </p>
   </div>
   <div class='ocr_carea' id='block_1_13' title="bbox 0 0 1571 5168">
    <p class='ocr_par' dir='ltr' id='par_1_13' title="bbox 0 0 1571 5168">
     <span class='ocr_line' id='line_1_40' title="bbox 0 0 1571 5168; baseline 0 0"><span class='ocrx_word' id='word_1_297' title='bbox 0 0 1571 5168; x_wconf 95' lang='lat' dir='ltr'> </span> 
     </span>
    </p>
   </div>
  </div>
 </body>
</html>
