3120 5168
539 493 661 574 USUS
695 496 760 575 ET
792 497 1014 579 niuniel

278 728 594 842 CIRCINI
652 734 1265 849 PROPORTIONIS

694 985 762 1059 ETCf
786 984 857 1030 BTC.

481 1146 1007 1187 w-—amov—-w

634 1327 739 1390 PARS
762 1328 907 1393 nullas.

609 1537 724 1576 ΡΑΒΙΙΙΕΑ
745 1538 940 1580 lttsruttllltttrl.

291 1702 419 1767 Liueont
447 1702 616 1768 lineorum
641 1708 675 1770 in
701 1706 829 1771 circino
848 1707 1058 1791 proportionis
1082 1708 1252 1774 describere

699 1923 822 1979 CAPUT
842 1923 865 1978 Ι.

283 2110 510 2192 100001000οω
521 2139 595 2208 quod
606 2139 833 2208 componendum
847 2138 1024 2208 suscepimus
1032 2135 1139 2194 Circiui
1151 2139 1270 2195 iormam
1281 2150 1343 2207 pos

208 2228 296 2289 sidet.
306 2234 389 2298 prout
402 2229 432 2283 in
445 2230 573 2299 apposita
586 2229 675 2297 ligura
689 2230 714 2284 A
730 2228 815 2298 (Tali.
827 2228 879 2294 xl,
892 2229 951 2299 rig.
962 2231 1013 2301 30)
1028 2233 1123 2286 notata
1138 2230 1277 2297 cernitur3
1291 2228 1342 2284 sed

206 2332 290 2373 crure
300 2323 379 2374 recte
387 2320 566 2389 complanata
574 2323 603 2374 et
616 2319 866 2389 levigataduornm
877 2319 1030 2388 digitorum
1038 2318 1217 2375 latitudinem
1225 2317 1341 2383 hubent3

207 2407 239 2462 in
248 2411 368 2479 ulroqoe
381 2424 464 2464 crure
482 2424 518 2464 ex
537 2414 655 2478 utraque
668 2413 747 2479 parte
762 2423 778 2464 a
797 2413 895 2464 centro
910 2425 961 2478 per
977 2413 1063 2464 totam
1072 2406 1180 2464 circini
1192 2407 1342 2478 longitudi-

212 2514 279 2556 nem
297 2499 439 2556 ducuntur
456 2505 575 2572 quatuor
594 2500 686 2556 lineae
703 2501 732 2556 iu
754 2505 883 2556 extrema
904 2500 1085 2556 instrumenti
1111 2501 1190 2568 parte
1216 2498 1340 2571 aequidi-

208 2592 338 2658 etautes,
358 2595 388 2645 ut
405 2597 521 2661 apparet
541 2591 569 2644 in
588 2592 721 2660 exemplo
738 2589 835 2646 BCDE
853 2597 882 2646 et
912 2589 1015 2647 LllNO
1032 2591 1139 2660 figurae
1156 2589 1224 2660 Cap.
1245 2595 1282 2653 s,
1301 2591 1340 2646 ita

213 2685 247 2735 ut
274 2685 361 2737 totum
383 2683 604 2739 instrumentum
623 2683 747 2739 sedecim
767 2683 850 2738 lineis
871 2681 1065 2738 constituatur.
1087 2681 1144 2737 Sed
1167 2686 1197 2737 ut
1215 2681 1338 2752 primum

215 2774 253 2828 de
271 2774 405 2828 anteriori
423 2779 502 2845 parte
524 2790 684 2830 sermonem
708 2773 861 2835 iaciamus.
891 2774 1061 2844 suscipimus
1088 2772 1179 2841 megla
1202 2772 1345 2829 internam

211 2864 319 2921 lineam
338 2865 545 2934 explicandam,
566 2880 639 2936 quae
659 2881 709 2935 per
726 2865 837 2922 literam
858 2863 880 2918 ll
900 2864 1010 2934 signata
1028 2863 1163 2919 cernitur.
1181 2861 1261 2918 llaec
1278 2862 1344 2934 quia

210 2952 396 3023 proportione
413 2953 569 3009 aritmetica
590 2955 619 3008 in
639 2959 701 3022 100,
714 2958 776 3020 200,
792 2955 837 3010 vel
857 2957 912 3007 nso
929 2968 1033 3025 aequas
1052 2956 1165 3023 partes,
1186 2953 1232 3008 rel
1251 2953 1346 3022 plnres

212 3044 313 3112 etiam,
333 3060 385 3116 pro
401 3045 481 3101 libito
499 3046 588 3103 dividi
607 3047 688 3115 solet,
704 3046 740 3102 ab
751 3047 891 3118 aliquibus
907 3047 984 3102 linea
1001 3043 1179 3101 arithmetice
1202 3059 1347 3114 nuncupa·
1421 3065 1423 3070 ·

212 3139 268 3204 tur,
287 3151 373 3208 quam
391 3138 653 3195 denominationem
673 3137 739 3194 non'
749 3139 888 3209 improbo,
909 3144 1003 3194 tamen
1024 3137 1116 3207 maqis
1143 3135 1213 3192 mihi
1240 3136 1346 3192 arridet

213 3243 319 3286 nomen
342 3230 523 3302 desumptum
552 3231 587 3284 ab
613 3230 843 3301 operationibus;
862 3230 1022 3286 ridebimus
1040 3229 1234 3285 enimomnes
1253 3227 1343 3282 lineas

213 3315 297 3372 istius
314 3317 496 3375 instrumenti
516 3320 696 3389 operationes
714 3318 819 3376 habere
839 3335 890 3374 auo
909 3319 1017 3374 nomini
1037 3323 1246 3388 congruentes,
1264 3320 1346 3387 prout

212 3408 326 3478 quando
343 3407 448 3465 Circini
468 3428 549 3466 nsum
571 3412 775 3481 explicabimus
791 3410 972 3467 manifestum
991 3410 1064 3478 erit;
1083 3411 1125 3466 sic
1139 3425 1203 3464 cum
1217 3408 1302 3479 hujus
1317 3408 1349 3463 li·

212 3513 288 3554 neae
306 3515 386 3556 usum
405 3502 584 3571 potissimum
602 3503 676 3557 circa
695 3503 786 3557 lineas
805 3506 945 3570 versetur,
966 3518 1021 3557 nou
1042 3501 1184 3557 immerito
1198 3502 1261 3572 quis
1276 3499 1349 3554 hanc

212 3589 317 3646 lineam
346 3591 485 3647 linearum
513 3593 670 3650 vocandam
689 3609 753 3648 esse
771 3593 932 3649 crediderit.
955 3591 1047 3663 Hujus
1076 3589 1182 3647 fabrica
1210 3591 1279 3646 satis
1306 3595 1350 3645 est

214 3680 313 3744 lucilia,
335 3687 482 3752 postquam
504 3683 596 3736 nullus
615 3687 658 3738 est
679 3688 734 3738 tam
754 3683 832 3737 rudis
850 3681 971 3748 artilex,
990 3681 1115 3753 quinon
1135 3679 1225 3748 possit
1241 3680 1347 3736 lincam

212 3771 336 3843 aliquam
366 3773 537 3841 propositam
559 3773 587 3826 in
608 3773 710 3841 petitas
729 3787 834 3842 aequas
852 3774 946 3841 partes
968 3770 1096 3824 dividere
1125 3767 1170 3839 tl).
1200 3767 1349 3824 Dividetur

212 3865 308 3935 itaque
329 3865 438 3933 vulgari
459 3866 540 3920 modo
559 3865 587 3918 iu
608 3866 745 3935 aliquotas
765 3864 896 3933 aequales
915 3868 1020 3932 partes,
1040 3860 1150 3916 numeri
1169 3861 1206 3915 de
1223 3861 1348 3937 quinque

213 3954 243 4008 in
262 3954 387 4023 quinque
400 3955 586 4009 ascendentes
599 3961 787 4024 apponantur,
802 3961 831 4011 et
843 3955 885 4010 sio
900 3953 970 4009 haec
984 3953 1074 4023 prima
1085 3953 1161 4008 linea
1182 3944 1350 4022 perficietur.

212 4043 294 4108 Quae
308 4043 391 4097 etiam
405 4060 515 4100 summa
532 4044 663 4098 facilitate
678 4044 766 4098 dividi
785 4051 880 4113 posset
900 4059 950 4113 per
970 4044 1026 4098 illa.
1046 4058 1118 4115 quae
1137 4042 1205 4114 Cap.
1227 4049 1242 4096 :l
1271 4043 1353 4102 istius

213 4132 410 4195 instrumenti,
430 4153 511 4190 tessun
530 4137 681 4193 tradentes.
699 4138 923 4206 explicabuntur.

274 4345 309 4400 (lt
325 4339 375 4390 llic
389 4343 544 4393 contradicit
559 4344 606 4392 sibi
623 4344 740 4406 metipsi:
759 4346 784 4393 in
800 4342 933 4408 principiis
949 4345 1021 4391 enim
1038 4341 1100 4405 Cap.
1120 4339 1143 4389 ll
1161 4344 1187 4390 el
1202 4338 1252 4400 ΙΙΙ,
1270 4341 1354 4404 lnquit

208 4421 395 4475 difficillimum
411 4432 438 4476 et
454 4426 510 4477 tere
528 4427 685 4491 impossibiie
702 4441 759 4480 esse
777 4429 872 4477 lineam
891 4429 917 4477 in
935 4431 1028 4492 petitas
1045 4431 1132 4490 partes
1148 4438 1246 4476 secare.
1308 4503 1311 4510 Ι
