3120 5168
606 405 717 453 orncno
739 405 966 453 proconnesus.
1296 391 1362 456 319

224 514 340 570 ulterius
357 514 486 585 quadrati
511 514 628 570 babebis
652 520 786 585 optatum.
817 515 951 586 Haecque
976 519 1187 586 proportionum
1208 516 1358 572 methodus

222 605 293 660 adeo
310 604 412 659 dillusa
430 608 493 669 est,
514 605 609 675 utqui
631 605 707 660 illem
727 606 844 661 omnino
862 605 1006 676 explicare
1024 614 1193 669 conaretur,
1214 624 1270 664 nnn
1290 608 1359 664 satis

222 699 371 756 commode
389 698 501 753 dicendi
520 696 606 753 linem
627 698 757 753 invenire
775 702 877 768 posset.
904 697 976 752 lllnd
1006 702 1099 754 tamen
1129 700 1241 755 silentio
1269 701 1357 756 inrot-

221 791 347 846 vendum
367 805 423 845 non
442 789 536 854 credo,
556 789 673 860 quodsi
693 788 834 858 proposita
852 794 928 845 esset
946 787 1083 860 amphora
1104 792 1254 847 continens
1279 806 1357 847 men-

221 897 331 948 suram,
349 887 378 937 et
394 885 544 952 quaereret
559 880 661 950 aliquis
679 879 762 934 allam
782 880 951 951 quaedum,
970 895 1042 951 quae
1068 886 1136 948 tres,
1165 884 1208 937 uel
1237 886 1355 954 quatuor

221 973 391 1038 contineret,
411 969 464 1026 boc
481 970 557 1025 dicto
575 969 658 1025 citius
676 970 778 1041 polerit
796 971 914 1025 absolvi:
934 971 1057 1040 acceptis
1075 972 1153 1027 enim
1172 973 1354 1028 dimensioni·

222 1063 276 1116 bos
287 1063 443 1133 propositae
458 1059 622 1141 amphorae,
635 1061 659 1117 si
676 1060 737 1115 illas
751 1076 802 1131 pro
814 1061 893 1115 libitu
903 1060 1122 1129 applicuerimus
1135 1061 1275 1133 aliquibus
1287 1078 1357 1131 pun·

222 1153 276 1206 ctis
294 1151 378 1222 bajus
395 1152 498 1218 lineae,
519 1157 578 1206 tom
597 1165 635 1207 ex
653 1151 769 1208 immoto
787 1150 978 1209 instrumento
996 1153 1193 1222 exceperimus
1217 1153 1354 1225 duplum,

223 1247 358 1316 triplum,
376 1247 423 1303 rel
440 1245 648 1317 quadruplum,
668 1244 835 1301 babebimus
853 1244 1047 1301 dimensiones
1070 1244 1224 1316 amphorae
1243 1247 1354 1316 petitae.

223 1336 344 1407 insuper
361 1338 447 1394 etiam
465 1337 489 1393 si
504 1343 580 1394 emet
599 1336 673 1402 tons,
692 1353 765 1407 ep,
784 1352 837 1393 sex
854 1336 986 1401 laterum,
1005 1337 1054 1407 qui
1072 1352 1123 1407 per
1135 1339 1264 1394 canalem
1277 1354 1355 1396 acre

221 1433 271 1497 pte
288 1443 361 1499 aqua
376 1429 519 1499 replentur
537 1428 628 1498 spolio
644 1427 763 1484 duarum
783 1427 927 1492 horarum,
946 1432 1117 1499 quaeratque
1138 1429 1241 1499 aliquis
1267 1431 1355 1488 alium

221 1523 397 1586 construere,
416 1520 527 1577 vellens
544 1520 673 1589 ejusdem
690 1520 808 1576 omnino
825 1519 1000 1587 altitudinis,
1029 1535 1062 1576 ac
1089 1519 1191 1575 similis
1217 1521 1294 1576 basis
1320 1539 1354 1579 ac

220 1611 332 1676 mittor,
349 1611 399 1682 qui
417 1611 509 1682 spatio
526 1611 611 1666 unlus
630 1609 717 1666 borae
735 1625 807 1692 aqua
826 1625 877 1680 per
895 1610 1017 1665 eundem
1035 1609 1165 1665 canalem
1182 1615 1297 1682 accepta
1310 1629 1354 1669 re·

221 1704 350 1772 plentur,
378 1704 460 1773 eujus
481 1701 686 1771 magnitudinis
704 1702 742 1757 sit
760 1701 886 1767 tuturus3
904 1701 1079 1770 accipiantur
1097 1700 1197 1757 oriflcii
1216 1704 1352 1773 propositi

221 1795 308 1851 lontio
326 1795 529 1860 dimeusmnes,
542 1809 615 1865 quae
633 1809 684 1864 pro
702 1793 784 1849 libitu
797 1797 930 1863 aptentur
941 1792 1081 1863 aliquibus
1094 1792 1207 1862 punctis
1219 1793 1312 1850 dictae
1323 1796 1355 1851 li-

221 1902 306 1953 neae,
324 1892 402 1943 etex
420 1887 535 1943 immolo
547 1887 738 1943 instrumento
754 1886 911 1955 excipiatur
927 1884 1096 1948 dimidium,
1117 1889 1148 1940 ut
1165 1884 1189 1939 si
1208 1885 1291 1941 datae
1312 1887 1353 1941 di·

221 1978 387 2033 mensiones
402 1981 514 2047 aplalne
531 1982 627 2033 essent
646 1976 757 2046 punctis
775 1979 819 2030 bt).
838 1979 883 2041 ιι),
904 1974 1060 2044 excipiatur
1079 1975 1257 2030 intervalium
1275 1975 1352 2033 inter

222 2072 452 2135 prouolutum,
472 2083 522 2136 pro
543 2067 627 2122 loturi
647 2065 733 2120 lentis
750 2064 975 2120 dimensionibus
994 2065 1040 2133 lt).

335 2248 451 2315 Dotunu
473 2253 668 2334 superficiem
690 2254 859 2314 immutare
879 2249 912 2309 in
935 2248 1032 2311 ollone
1055 2247 1147 2328 eujus
1170 2248 1234 2310 olio

552 2361 592 2422 stt
616 2361 755 2440 aequatis
776 2360 899 2439 primae
918 2359 1018 2419 <lotoe

673 2548 797 2603 corun
816 2547 896 2602 xro
923 2573 926 2597 ι
962 2524 966 2552 ¹

293 2710 376 2767 Esset
400 2712 532 2783 equidem
560 2711 631 2766 baec
653 2712 782 2781 operatio
801 2710 933 2770 ditllcills,
954 2709 1003 2765 sed
1022 2724 1137 2765 omnem
1156 2711 1350 2767 ditllcultetem

218 2808 335 2870 superat
349 2802 566 2859 instrumentum
585 2801 638 2857 huc
657 2807 794 2857 nostrum.
813 2801 856 2856 Sil
874 2801 951 2856 enim
973 2801 1129 2871 triangulus
1152 2803 1175 2855 ,t
1196 2801 1274 2872 (Tab.
1295 2801 1347 2867 tlt,

218 2891 281 2958 rto.
299 2892 354 2961 nt),
373 2892 418 2947 cui
434 2893 550 2949 rombus
567 2892 693 2964 aequalis
712 2891 851 2960 triangulo
866 2892 891 2944 Α
905 2890 995 2961 quoad
1015 2905 1122 2956 aream,
1143 2891 1192 2946 sed
1208 2893 1309 2947 rumbo
1326 2891 1348 2945 B

217 2982 331 3048 similis,
351 2982 413 3039 deri
426 2984 536 3040 debeat.
551 2983 646 3040 Primo
658 2988 808 3054 quaeratur
827 2982 902 3038 inter
916 2983 1006 3038 basim
1025 2987 1054 3036 et
1069 2982 1216 3038 dimidiam
1230 2999 1350 3055 perpen-

215 3073 372 3130 dicularem
390 3074 521 3145 uunquti
540 3075 565 3129 Α
584 3073 678 3130 media
695 3072 921 3144 proportionalis,
936 3088 1009 3144 quae
1027 3073 1063 3128 sit
1081 3071 1116 3140 (23
1135 3073 1239 3129 deinde
1259 3075 1348 3145 ipsius

215 3163 350 3219 rumbill
370 3164 463 3220 media
481 3165 567 3220 eliam
586 3163 821 3234 proportionalis,
842 3178 914 3233 quae
932 3164 970 3218 sil
987 3162 1029 3228 1);
1048 3162 1171 3233 denique
1196 3170 1351 3235 quaeratur

215 3257 314 3322 quarta
331 3254 550 3323 proportionalis
569 3255 694 3323 ipsarum
712 3252 756 3317 D,
780 3251 801 3308 C
821 3250 875 3307 boc
894 3252 1002 3308 scilicet
1020 3252 1172 3319 modo‚.si
1192 3253 1264 3307 latos
1282 3268 1351 3323 qua·

215 3341 289 3397 drati
305 3343 380 3414 qnod
397 3349 441 3399 est
459 3343 484 3398 ti
502 3344 595 3400 rumbi
615 3342 647 3409 Β,
666 3343 806 3398 datlatns
824 3342 926 3398 laisum
939 3343 1033 3398 rumbi
1051 3341 1085 3403 Β,
1104 3342 1172 3413 quid
1188 3342 1264 3397 dabit
1279 3357 1349 3412 qua·

215 3432 290 3489 drali
308 3433 408 3491 reric
428 3435 562 3504 trianguli
580 3436 625 3501 A,
649 3435 780 3506 provenit
795 3435 870 3490 latus
889 3434 950 3490 veri
968 3434 1073 3489 rumbi.
1102 3433 1164 3489 Hoc
1189 3438 1231 3489 est
1249 3434 1348 3491 videas

216 3539 305 3594 quem
323 3527 536 3596 proportionem
555 3524 680 3583 babeant
697 3528 785 3582 latera
803 3527 898 3581 rumbi
918 3524 994 3591 taisi,
1014 3529 1133 3594 utputa
1152 3524 1220 3591 to,
1240 3531 1268 3581 ct
1287 3542 1349 3596 pro·

216 3615 381 3684 portionalis
397 3616 435 3685 ὓς
454 3623 483 3672 et
502 3618 530 3671 in
550 3616 603 3672 boc
621 3619 752 3688 exemplo
770 3617 807 3672 sil
825 3621 855 3671 ut
876 3621 927 3671 too
945 3617 981 3672 ad
999 3619 1049 3683 aa,
1068 3621 1166 3685 postea
1185 3619 1346 3673 secondum

214 3708 402 3776 quantitatem
421 3707 518 3763 lateris
536 3706 558 3762 d
579 3709 689 3778 aperies
708 3709 737 3763 in
757 3707 833 3763 linea
856 3706 1071 3776 superficierum
1092 3707 1120 3761 in
1140 3713 1205 3773 10⁰,
1224 3714 1254 3764 et
1271 3709 1355 3765 eici·¹

214 3799 275 3868 pies
297 3798 463 3855 distentim
485 3800 686 3870 interpuncta
710 3803 753 3853 tta.
773 3802 807 3852 tta
836 3813 886 3868 pro
913 3798 1001 3853 latere
1023 3795 1056 3850 E.
1085 3796 1213 3869 ludoque
1241 3788 1347 3857 babere

270 3966 306 4022 (l)
322 3960 443 4013 Pernen
460 3968 590 4013 mostrare
606 3963 689 4027 quest·
699 3961 804 4012 infelice
820 3960 843 4011 d'
853 3960 974 4011 intendat
990 3940 1123 4024 meglio'le
1136 3961 1300 4024 proportioni
1311 3961 1352 4011 dot

206 4041 285 4093 solidi
300 4042 352 4093 ebe
367 4042 455 4109 quelle
472 4044 540 4094 delle
558 4045 704 4108 sopcrdcie,
721 4046 809 4094 eccooi
826 4044 877 4097 che
894 4055 945 4093 con
962 4048 1054 4106 queste
1071 4042 1162 4093 antore
1174 4045 1195 4093 st
1212 4043 1299 4107 crede,
1309 4045 1352 4093 cot

208 4118 346 4188 duplicare
360 4139 377 4174 o
392 4126 508 4191 triplicar
524 4127 549 4177 le
566 4128 714 4191 superficie,
735 4140 796 4178 aver
815 4126 938 4191 duplicati
958 4140 974 4174 o
997 4125 1118 4190 trlplicsti
1143 4128 1150 4175 i
1170 4126 1254 4176 solidi.
1271 4125 1320 4177 llio
1334 4126 1354 4177 li

208 4207 293 4257 renda
311 4204 329 4255 il
345 4210 552 4261 conoscimento.
569 4210 610 4260 ila
628 4214 707 4260 eruto
722 4225 758 4260 nn
776 4222 844 4274 poco
861 4209 905 4273 pto
921 4206 964 4258 del
975 4207 1093 4258 discreto
1108 4208 1177 4259 nella
1189 4209 1299 4261 fontana
1314 4210 1352 4259 di-

206 4290 295 4339 oendu
311 4289 338 4339 dt
353 4288 426 4343 roler
438 4305 544 4346 uerrere
560 4294 584 4343 ta
601 4291 744 4344 medesima
764 4292 871 4353 altena,
894 4292 944 4342 'obe
968 4293 1023 4341 cort
1047 4295 1117 4343 stara
1145 4293 1229 4343 bene:
1253 4306 1296 4343 rna
1319 4293 1351 4342 de

205 4376 303 4437 questa
318 4386 366 4423 arra
380 4372 531 4426 lnmrleuza
548 4378 569 4426 si
590 4378 655 4427 rede
670 4377 720 4426 cbe
740 4388 794 4426 non
814 4376 934 4436 tollendo,
952 4389 976 4435 e,
994 4388 1010 4426 o
1027 4376 1091 4426 roba
1107 4375 1169 4441 quel
1185 4377 1236 4425 obe
1251 4374 1319 4434 dice,
1335 4389 1353 4424 o

207 4453 358 4505 l’tndorlae
374 4466 422 4519 per
435 4460 559 4508 ventura.
