3120 5168
591 360 702 407 creetur
725 360 951 436 sequestremne.

372 561 492 627 Arcum
515 562 626 628 dotum
647 563 812 646 multipiici
832 564 1028 645 proportione
1052 585 1179 648 euporo.

641 757 766 813 CAPUT
786 757 922 814 xxxiv.

281 920 323 975 Sit
341 919 424 976 datus
441 918 470 974 in
489 917 628 988 superiori
646 920 778 989 exempto
796 936 878 976 orcus
896 921 930 989 B,
950 927 978 978 et
992 924 1077 994 juxte
1095 923 1170 980 bunc
1189 927 1345 983 secundum

208 1012 305 1066 datum
322 1010 491 1066 diametrum
510 1008 583 1064 alius
601 1023 683 1064 arcus
701 1010 739 1065 sit
756 1014 965 1070 construendus
990 1016 1113 1085 triptex3
1132 1010 1260 1074 ridentur
1277 1026 1346 1091 quot

209 1102 312 1172 medus
328 1101 472 1159 continent
489 1115 572 1157 arcus
590 1099 624 1167 B,
639 1105 671 1156 ut
689 1104 719 1157 in
738 1104 878 1174 superiori
896 1108 1027 1177 exemplo
1045 1108 1152 1165 dictum
1170 1109 1222 1166 tuit
1240 1112 1346 1183 (conti-

209 1193 295 1250 nebat
311 1195 416 1260 eutem,
435 1191 460 1248 si
478 1191 645 1260 meministi,
663 1196 700 1247 'tu
718 1196 837 1267 portes),
857 1195 921 1253 ideo
939 1200 1097 1256 secundum
1114 1201 1202 1272 ipsius
1215 1201 1348 1259 semidie-

206 1288 330 1341 metrum
346 1281 458 1355 operies
476 1281 507 1337 in
525 1285 570 1337 du.
588 1286 634 1350 du,
654 1288 683 1340 et
700 1284 827 1355 excipies
843 1285 958 1356 triplum
975 1303 1025 1357 per
1040 1295 1145 1360 partes,
1161 1290 1216 1347 boc
1231 1296 1275 1349 est
1291 1294 1348 1363 pri·

207 1389 288 1431 mum
302 1372 428 1444 excipies
454 1373 618 1430 distantiam
647 1374 722 1430 inter
749 1380 854 1445 puncta
872 1379 917 1431 90.
935 1381 990 1444 tu,
1010 1394 1084 1450 quae
1105 1379 1155 1436 ¹bis
1182 1387 1297 1454 accepta
1315 1385 1345 1438 in

208 1466 314 1522 circuio
328 1463 372 1534 C,
390 1466 507 1536 praebet
525 1481 623 1522 arcum
649 1464 721 1534 Dii3
749 1482 817 1523 mox
845 1469 968 1540 accipies
992 1469 1155 1528 distentinm
1175 1473 1250 1530 iuter
1276 1490 1348 1544 pun-

208 1563 254 1614 cta
271 1561 316 1613 30.
330 1561 375 1626 ee,
392 1561 421 1614 et
435 1555 553 1614 babebis
571 1574 669 1615 orcum
687 1557 745 1628 EF,
759 1559 808 1631 qut
819 1560 875 1616 dno
888 1575 970 1617 arcus
982 1562 1158 1619 constituunt
1175 1579 1273 1623 arcum
1287 1565 1346 1631 DF,

206 1649 254 1720 qui
272 1648 328 1705 erit
345 1648 376 1703 in
395 1648 478 1720 tripla
496 1649 677 1720 proportione
695 1651 731 1706 ad
749 1652 844 1722 ipsum
861 1667 959 1708 arcum
978 1653 1010 1708 B.
1038 1653 1100 1710 Non
1119 1655 1241 1712 absimili
1260 1657 1346 1713 etiam

207 1741 322 1813 neqofio
338 1756 489 1812 possumus
506 1757 602 1798 ereum
622 1743 797 1814 propositum
815 1744 845 1798 in
864 1760 931 1801 suas
948 1752 1043 1817 partes
1054 1747 1193 1815 dividere,
1210 1748 1234 1802 si
1250 1764 1347 1805 secun

207 1833 278 1889 dum
295 1832 537 1889 semidiametrum
556 1833 699 1902 aperiatur
716 1833 747 1889 in
765 1837 809 1889 du.
828 1839 923 1903 du,.et
940 1841 1087 1893 sumantur
1105 1841 1200 1907 partes
1226 1839 1347 1909 maiores

209 1923 246 1979 de
264 1923 364 1979 decem
381 1923 544 1990 indecem,
562 1923 666 1979 deinde
684 1924 720 1980 de
737 1925 863 1996 quinque
881 1925 912 1981 iu
930 1926 1069 1997 quinque,
1090 1933 1118 1983 et
1136 1929 1178 1983 sic
1195 1929 1346 1998 deinceps,

210 2014 301 2070 donec
318 2027 400 2069 arcus
418 2013 455 2068 sit
472 2013 581 2070 divisus
600 2013 628 2068 in
648 2027 713 2070 snas
731 2029 832 2070 omnes
851 2018 953 2085 partes.

307 2155 485 2224 Nemorum
506 2160 665 2241 produum
687 2169 854 2241 operturae
876 2163 1081 2226 instrumenti
1102 2164 1255 2228 inuenire.

648 2326 773 2382 CAPUT
796 2326 919 2382 XXXV.

281 2470 312 2527 Si
330 2473 554 2528 instrumentum
572 2471 619 2526 vet
636 2471 711 2526 tinen
728 2470 894 2541 quadrantis
910 2469 946 2524 sit
961 2473 1058 2539 aperta
1077 2473 1236 2541 utcunque,
1255 2473 1283 2525 et
1301 2469 1350 2524 ati-

197 2565 273 2634 ⁴quis
291 2564 365 2619 scire
383 2565 500 2632 cuperet
517 2577 668 2617 numerum
682 2561 820 2630 graduum
836 2560 916 2615 istius
929 2567 1089 2631 aperturae,
1108 2563 1230 2632 accipiat
1246 2562 1351 2618 distan-

210 2654 278 2709 tiam
295 2653 370 2709 inter
387 2655 493 2723 puncta
504 2655 547 2707 dd.
562 2656 607 2719 tto,
619 2666 692 2722 quae
710 2666 749 2705 ex
766 2653 865 2705 centro
884 2649 1067 2706 instrumenti
1082 2651 1216 2706 deorsum
1232 2650 1350 2705 trauste-

210 2749 302 2812 ratnr3
317 2758 452 2800 numerus
471 2750 651 2813 punctorum,
672 2741 702 2796 in
720 2756 805 2811 quem
826 2739 932 2796 incidet
950 2741 1084 2808 circinus,
1105 2741 1240 2799 indicabit
1252 2757 1350 2797 nume·

211 2851 274 2891 rum
293 2835 427 2916 predonem
445 2837 594 2905 aperturae
612 2832 803 2888 instrumenti.
819 2830 952 2905 Haecque
971 2833 1113 2890 sufficiant
1131 2833 1167 2889 de
1186 2848 1239 2888 usu
1257 2833 1349 2889 tineae

209 2926 385 2997 ,mennam

227 3068 310 3135 tirus
333 3072 430 3136 tineos
454 3071 653 3136 circatorem.
678 3069 793 3135 ‚secoro
816 3071 971 3136 circutum
994 3073 1027 3134 in
1052 3072 1199 3155 quottibct
1218 3082 1335 3154 portes.
1395 3097 1397 3101 ·

638 3226 762 3284 CAPUT
784 3228 920 3284 xxxii.

281 3371 474 3428 Transeuntes
489 3371 523 3425 nd
537 3386 619 3426 usum
638 3370 731 3427 tineae
749 3373 929 3437 circulorum,
949 3371 1083 3441 primum,
1103 3371 1238 3427 circutum
1254 3385 1351 3426 secare

210 3463 241 3517 in
259 3477 358 3519 omnies
375 3462 477 3533 petitas
489 3465 583 3530 partes
597 3461 834 3517 demonstremus.
851 3461 1003 3531 Aperiatur
1019 3461 1112 3532 itaque
1128 3461 1348 3516 instrumentum

209 3552 366 3610 oecundum
376 3552 619 3609 semidiametrum
637 3553 747 3620 circuti,
760 3558 789 3609 et
801 3552 911 3608 tirmato
925 3554 1113 3609 instrumento
1126 3552 1281 3623 accipiatur
1295 3552 1351 3606 dis-

209 3643 298 3700 tantia
315 3643 513 3714 interpuncta
531 3642 607 3698 itlius
627 3642 759 3708 numeri,
780 3643 810 3697 in
828 3658 913 3714 quem
931 3643 1016 3699 debet
1034 3643 1126 3699 secari
1149 3642 1281 3697 circulus.
1313 3639 1348 3696 tit

206 3735 233 3791 si
249 3736 333 3792 datus
350 3739 427 3792 esset
444 3735 565 3791 circulus
583 3734 609 3789 A
628 3733 797 3790 dividendus
813 3734 842 3789 in
857 3735 983 3806 quinque
995 3737 1090 3804 partes
1105 3734 1258 3805 aequales,
1277 3732 1349 3788 noci-

209 3828 271 3899 pies
288 3826 493 3884 semidiametri
511 3827 715 3897 quantitatem,
746 3825 814 3881 baec
833 3825 946 3897 punctis
964 3824 1168 3882 semidiametri
1186 3825 1279 3880 tineae
1296 3823 1349 3878 cir-

208 3919 337 3975 culorum
354 3923 381 3973 e.
399 3923 417 3972 d
434 3918 562 3988 signatus
580 3916 755 3988 applicetur,
786 3921 815 3972 et
840 3918 957 3973 immoto
975 3916 1165 3973 instrumente
1191 3914 1349 3984 excipiatur

210 4009 345 4066 distamh
361 4010 436 4067 inter
454 4014 558 4080 puncta
576 4013 601 4062 ὅ.
620 4013 649 4071 e,
667 4024 740 4079 qnae
758 4008 813 4065 erit
829 4009 928 4081 quinta
946 4008 1043 4063 circuti
1062 4006 1119 4063 dati
1140 4021 1212 4076 pers.
1231 4004 1349 4076 Hacque

212 4102 322 4160 ratione
337 4104 431 4161 solves
448 4103 535 4159 etiem
555 4107 569 4155 t
590 4100 698 4171 probb,
727 4118 805 4173 prop.
823 4109 861 4171 1,
889 4103 937 4157 lib.
965 4117 1007 4156 ru
1027 4098 1174 4163 Euctidis,
1193 4113 1249 4170 quo
1267 4098 1349 4152 docet

210 4195 321 4251 duobus
337 4194 452 4251 circulis
470 4194 545 4249 circa
564 4193 639 4249 idem
657 4197 787 4250 centrum
803 4191 991 4250 existentibus
1011 4192 1042 4247 in
1060 4189 1160 4260 majori
1177 4187 1285 4244 circuio
1301 4202 1349 4256 po·

211 4286 346 4358 tyqonuru
364 4287 576 4360 aequilaterum,
595 4290 623 4341 et
642 4285 751 4354 parium
770 4287 892 4342 totorum
907 4285 1073 4351 inscribere,
1094 4281 1168 4353 qnod
1182 4294 1239 4335 non
1253 4280 1347 4345 unqu

212 4377 352 4436 minorem
370 4380 516 4435 circ-ntum.
