3120 5168
454 330 614 376 SEUONES
636 331 678 376 DE
701 331 782 376 tlolll
809 332 961 380 dnavlb'll.
1232 323 1270 387 ll

144 475 244 540 quam
280 459 438 542 gravium
479 459 507 521 si
546 465 656 522 lamen
691 460 753 523 boc
789 466 960 541 tamquam
998 482 1114 529 verum
1152 467 1275 532 admit·

147 585 197 642 tas
229 575 296 662 (1);

232 697 366 770 Tertio,
389 697 556 760 undenam
578 699 709 762 accidat
726 698 815 779 quod
832 705 943 764 motus
955 701 1116 766 naturalis
1133 704 1276 769 velocior

141 817 174 878 in
187 814 253 881 linc
264 826 365 895 quam
379 815 414 878 in
424 815 535 879 medic
547 816 600 879 vel
613 816 649 878 iu
666 815 839 897 principie,
857 815 1022 882 violentus
1039 834 1118 882 vero
1134 820 1277 885 velocior

144 933 178 996 in
209 933 373 1014 principio
394 950 496 1013 quam
519 933 555 996 in
577 934 703 1008 medio,
724 940 758 997 ct
778 933 834 998 bic
856 952 957 1015 quam
989 937 1023 999 in
1053 934 1119 1002 fine
1140 939 1279 1011 existam

232 1051 370 1129 Quarto,
392 1069 453 1122 cur
476 1052 565 1116 idem
587 1070 707 1133 corpus
729 1053 829 1118 cilius
856 1054 890 1118 iu
914 1071 1114 1136 decoquam
1137 1057 1172 1120 in
1191 1074 1279 1137 aqua

140 1169 333 1242 descendats
352 1169 538 1249 quialmmc
560 1177 594 1234 el
605 1171 763 1234 nonnulla
774 1188 915 1252 corpora
928 1172 962 1236 in
974 1189 1050 1237 nere
1066 1174 1276 1248 descendant,

141 1303 226 1368 quaa
247 1292 358 1352 nmen
385 1288 421 1352 in
443 1305 532 1369 aqna
552 1305 619 1352 non
642 1288 901 1370 demerguntur;

231 1405 358 1483 Quinto
370 1403 474 1490 (otest
490 1407 679 1486 quaesitum
695 1407 890 1472 amicissimi
908 1408 1013 1472 nostri
1028 1409 1178 1490 Dionysii
1191 1411 1278 1477 Fon·
1338 1392 1345 1404 ’

145 1524 186 1586 tis
199 1523 322 1603 equitis
337 1519 551 1605 dignissimi),
566 1536 749 1611 quamnam
771 1539 909 1588 causam
932 1524 1051 1588 reddas
1071 1525 1111 1589 dc
1128 1543 1168 1589 co
1190 1525 1279 1606 quod

144 1647 323 1717 menta,
346 1647 418 1705 tnm
442 1641 586 1705 muralia
615 1647 686 1706 lum
714 1641 899 1715 manualia,
923 1642 1055 1725 lougius
1078 1651 1277 1724 porrectam

141 1759 262 1824 lineam
279 1759 449 1841 plumbeas
464 1759 622 1841 sphaeras
635 1760 784 1842 jaciunt,
798 1762 826 1824 si
842 1777 967 1844 caspar
981 1763 1083 1827 lineas
1100 1763 1276 1828 inclinatas

140 1880 281 1943 orizonti
303 1879 500 1960 projiciant,
524 1896 625 1960 quam
648 1880 676 1943 sl
701 1897 759 1962 per
779 1880 902 1945 lincam
925 1883 1032 1947 eidem
1054 1882 1194 1946 orizoutl
1217 1899 1277 1962 pa-

144 1995 304 2072 rallelum,
326 2015 405 2062 cum
425 2004 539 2063 tamen
561 1998 689 2079 primus
720 2003 830 2063 motus
861 2001 968 2080 magis
1000 1999 1143 2064 naturali
1171 2000 1276 2067 motui

141 2117 390 2188 contrarlctnr3

230 2230 341 2308 Sexto,
356 2249 418 2296 cur
439 2232 557 2297 cadem
576 2239 740 2298 tormenta
763 2233 878 2316 globos
901 2235 1076 2315 graviores
1091 2233 1231 2298 celerius
1245 2240 1279 2297 cl

141 2348 272 2432 longius
283 2349 435 2430 isculonl
455 2368 557 2432 quam
581 2350 733 2426 leviores,
750 2356 865 2432 utpote
884 2351 1004 2415 icmcos
1023 2368 1123 2432 quam
1140 2350 1276 2433 ligneos,

142 2484 221 2531 cum
243 2474 356 2533 tamen
377 2469 518 2534 leviores
541 2471 653 2535 miuus
674 2471 710 2534 vi
728 2470 911 2551 impellenti
934 2471 1099 2534 resistant.

230 2591 336 2654 Tuam
359 2588 473 2670 itaquo
494 2588 692 2652 sententiam
715 2588 757 2652 de
777 2587 830 2652 bis
853 2593 887 2651 el
909 2587 949 2651 de
971 2586 1157 2660 similibus,
1190 2600 1277 2667 quac

139 2710 182 2771 ab
198 2709 272 2772 istis
284 2708 437 2789 pandent,
451 2707 568 2772 audire
581 2708 812 2789 gratissimum
822 2708 901 2780 crit;
913 2705 983 2769 scio
994 2705 1085 2768 euim
1096 2710 1144 2780 tc,
1160 2705 1194 2768 in
1213 2704 1277 2769 bac

146 2827 460 2903 materia,nuluibil
478 2828 659 2899 dicturum,
675 2833 734 2891 aut
754 2826 880 2908 aliquid
901 2824 982 2889 novi
999 2830 1033 2889 el
1052 2824 1185 2890 veritati
1214 2824 1277 2904 ipsl

141 2945 457 3025 propinquissimum
482 2946 518 3009 in
544 2943 692 3008 medium
708 2943 904 3007 allaturum:
921 2960 1000 3006 cum
1019 2943 1107 3006 euim
1130 2941 1278 3006 carrissi-

142 3064 215 3137 mis,
237 3062 432 3128 clarissimis
466 3069 565 3143 atque
597 3061 821 3126 subtilissimis
857 3059 1102 3127 mathematicis
1140 3059 1278 3123 demon·

141 3181 358 3246 strutionibus
367 3182 413 3246 sis
425 3188 589 3259 assuetus,
604 3186 719 3263 utpote
734 3182 839 3246 divini
855 3179 1047 3254 Ptolemaei,
1061 3185 1094 3243 et
1106 3179 1277 3244 divinissi-

140 3297 188 3360 mi
199 3297 421 3373 Archimedis,
431 3300 650 3363 crassioribus
662 3298 864 3379 quibusdam
875 3298 1062 3362 rationibus
1077 3296 1169 3360 nullo
1181 3299 1278 3376 pacto

141 3416 294 3483 assentiri
318 3422 432 3497 potes;
454 3435 598 3501 cumque
631 3417 727 3494 baec,
749 3434 841 3498 quac
858 3416 1025 3498 proposui,
1049 3432 1114 3480 non
1138 3414 1279 3496 longua

215 3646 249 3708 ll)
263 3645 300 3697 La
315 3646 495 3699 condicionalc
510 3651 583 3712 posta
599 3648 625 3697 al
639 3649 742 3713 quasito
757 3674 782 3685 -
794 3649 818 3696 si
829 3653 919 3698 touton
930 3646 977 3695 boc
989 3653 1124 3709 tamquam
1135 3659 1225 3694 oscum
1234 3646 1283 3696 ad·

139 3739 232 3786 mittas
252 3764 281 3774 -
302 3744 401 3790 mostra
420 3753 496 3790 come
517 3741 558 3804 git
577 3739 678 3794 Gallico
698 3740 827 3790 dubitasse
846 3738 914 3789 della
934 3739 1016 3791 serila
1035 3740 1076 3788 del
1094 3738 1222 3801 principio
1248 3737 1281 3788 iri

140 3831 298 3891 enuncialo,
315 3831 439 3891 sebbeuc,
456 3834 482 3882 in
500 3847 536 3883 un
551 3834 669 3897 apposito
684 3832 808 3896 capitolo,
825 3832 924 3883 lacesse
941 3844 1020 3894 prora
1036 3832 1061 3880 di
1077 3832 1158 3881 darno
1175 3829 1198 3880 ls
1215 3830 1281 3894 spis·

137 3923 264 3988 gulone,
280 3936 295 3974 s
311 3925 368 3975 solo
382 3925 472 3976 adulto
488 3926 515 3975 lo
532 3927 695 3990 respingssse
710 3926 815 3990 quando
832 3925 856 3976 la
873 3937 934 3977 rsrs
950 3925 1033 3977 locria
1049 3925 1118 3976 della
1133 3924 1227 3975 cadula
1238 3923 1279 3972 dci

138 4017 219 4076 gravi,
235 4017 267 4065 ds
284 4016 321 4068 lui
332 4023 426 4077 moso,
439 4019 518 4068 india
531 4031 608 4081 poco,
618 4019 770 4083 recogitata,
782 4017 864 4069 l'ebbs
875 4031 961 4069 masso
972 4018 1140 4080 plenamentc
1150 4016 1178 4065 in
1189 4015 1279 4068 cbirro

138 4105 209 4156 dalla
221 4107 324 4160 fallacia
340 4109 367 4159 di
380 4114 564 4175 quattuorue
574 4110 600 4160 di
609 4110 742 4161 taut'altrc
752 4109 928 4174 suppositioni
939 4108 1084 4160 dell'antics
1096 4106 1195 4158 scuola.
1206 4095 1281 4157 Gisc-
1349 4157 1352 4164 ,

137 4199 188 4248 cbd
205 4212 239 4250 ns
255 4201 319 4252 crdo
334 4200 532 4266 l'opporluuitl,
550 4204 711 4255 awertiamo
729 4204 775 4266 qui
795 4217 848 4254 uus
863 4201 932 4256 rolla
944 4215 991 4266 par
1006 4214 1120 4264 tempto,
1139 4210 1214 4251 come
1233 4196 1276 4260 pel

137 4292 262 4343 vocabolo
277 4295 356 4343 moles
372 4293 474 4346 Gallico
490 4295 597 4346 intends
614 4297 760 4360 siguificare
777 4296 794 4345 il
818 4295 944 4355 volume,
963 4308 1016 4345 non
1033 4295 1057 4344 la
1077 4308 1184 4353 masso,
1205 4302 1280 4343 come

140 4385 199 4449 oggi
213 4386 341 4447 diciamo,
359 4387 384 4437 di
401 4403 436 4439 un
453 4401 541 4451 corpo.
