3120 5168
588 394 699 443 crncuu
722 393 948 441 rnorourrurn.
1279 376 1338 442 {liri

208 506 411 577 percipienda,
434 518 507 575 quae
525 518 594 560 sana
617 504 755 573 accipitur
779 521 828 574 per
851 503 1114 573 perpendicularem
1138 502 1192 556 ΒΕ.
1218 502 1270 556 Per
1287 506 1338 556 tra>

207 599 265 652 dita
287 612 348 668 cap.
367 603 394 664 l,
409 610 491 652 eume
511 600 662 666 utramque
680 595 842 650 distantiam
863 593 908 649 tic
928 600 956 650 et
976 593 1040 653 DA,
1062 600 1121 650 tum
1140 610 1176 649 ex
1196 598 1299 663 puncto
1319 593 1343 645 ll

208 689 345 759 respicias
363 687 518 744 terminum
535 685 569 753 C,
590 687 715 742 notando
735 692 829 756 partes
848 693 953 751 sectas,
973 692 1002 742 el
1020 687 1167 756 cujusnam
1184 685 1340 741 centenarii

207 781 275 844 siut,
293 792 360 834 nam
375 795 412 835 ex
431 778 476 833 lris
493 794 578 834 erues
598 777 730 834 facillime
748 779 926 835 altitudinem
943 778 993 833 ΕΙ)
1005 780 1087 849 juxta
1105 780 1204 834 tradita
1219 795 1279 848 cap.
1297 783 1341 833 18.

208 886 262 926 nec
283 885 340 924 uon
359 868 444 925 etlam
473 885 511 925 ex
536 867 733 925 obsenuione
760 868 931 923 summitatis
950 869 995 931 Α,
1024 883 1056 922 ac
1082 884 1118 923 ex
1141 869 1252 936 cognita
1270 868 1340 921 llil.

209 960 327 1017 habebis
345 960 504 1031 portionem
522 958 580 1028 Fi),
599 973 672 1031 quae
689 959 726 1015 de
746 960 852 1030 majore
870 960 1018 1015 altitudine
1037 958 1086 1014 DE
1105 961 1239 1026 detracta,
1257 962 1341 1016 rolin-

209 1057 278 1124 quet
295 1051 434 1107 minorem
453 1050 558 1106 montis
575 1049 752 1105 altitudinem
772 1053 901 1119 respectu
922 1049 1035 1105 termini
1050 1047 1082 1113 C,
1099 1049 1144 1103 cui
1163 1049 1288 1121 aequalis
1302 1057 1345 1105 est

211 1141 387 1212 profunditas
401 1139 457 1197 CB.
474 1138 609 1210 Haecque
624 1137 763 1196 hacteuus
781 1139 856 1194 dicta
874 1139 1032 1207 sufficiant3
1053 1138 1077 1194 si
1094 1139 1158 1210 quis
1177 1141 1257 1209 plura
1274 1141 1348 1195 desi-

211 1234 301 1293 derat,
320 1246 376 1286 non
393 1230 498 1287 desunt
515 1229 563 1300 qui
581 1228 777 1299 copiosissime
795 1229 949 1301 quadratus
969 1229 1133 1298 geometrici
1150 1245 1232 1287 usum
1249 1247 1347 1301 propo-

211 1327 342 1390 suerunt,
361 1338 399 1378 ex
417 1322 519 1394 quibem
537 1321 634 1385 etiam,
655 1321 738 1377 modo
756 1325 833 1377 recte
850 1325 985 1392 percepta
1003 1320 1061 1376 sint
1075 1336 1147 1393 quae
1162 1336 1177 1376 a
1192 1322 1273 1378 nobis
1289 1323 1347 1378 lue-

214 1422 282 1470 runt
299 1417 452 1486 explicata,
472 1414 545 1469 facili
567 1413 679 1483 negotio
696 1413 829 1483 colligere
844 1414 920 1480 iicet,
934 1413 1073 1485 quomodo
1086 1430 1137 1485 per
1151 1412 1204 1470 hoc
1218 1420 1345 1472 nostrum

216 1512 436 1565 instrumentum
450 1507 571 1577 spatium
587 1505 699 1577 aliquod
720 1511 811 1562 terrae
830 1510 888 1561 tum
908 1506 1037 1576 planum,
1058 1511 1116 1562 tum
1137 1522 1193 1561 nou
1210 1508 1345 1577 pianum.

213 1597 415 1668 producendis
433 1597 513 1668 aquis
530 1596 635 1652 librare
655 1596 804 1665 possimus.
821 1596 950 1665 interim,
964 1598 1054 1652 amice
1066 1597 1163 1662 lector,
1180 1597 1283 1660 valeas,
1299 1614 1346 1652 no-

213 1695 343 1762 strosque
361 1693 478 1745 conatus
495 1688 562 1744 boni
583 1687 720 1759 aequique
739 1688 879 1744 consulas.
