3120 5168
591 399 702 448 cinctui
724 398 952 449 Pnoronrioats.

1026 489 1095 533 V*

408 581 539 651 binensis
564 580 762 658 Ουαάταωιίε
787 585 970 663 osometrice
992 584 1140 649 dioidsre.

684 778 810 837 CAPUT
828 779 864 835 V.

276 961 360 1021 ilaue
377 964 515 1034 posticam
533 962 716 1021 instrumenti
734 969 843 1034 partam
863 963 890 1019 ii
906 971 1031 1023 notatam
1046 965 1134 1034 thb.
1150 964 1203 1035 xi,
1215 965 1276 1039 fig.
1289 967 1343 1037 ³⁸}

206 1058 270 1110 octo
283 1053 353 1110 atiaa
365 1053 476 1121 lineas,
496 1053 550 1110 boc
563 1057 609 1111 est
622 1056 742 1125 qustoor
760 1053 789 1109 in
809 1068 977 1126 unoquoque
991 1071 1084 1122 crure,
1097 1056 1247 1113 confinem
1260 1055 1344 1111 diris

207 1143 309 1203 barum
323 1143 481 1212 interiores,
501 1144 591 1201 literis
610 1142 656 1198 LL
675 1147 797 1209 notatae,
816 1145 909 1201 lineae
926 1146 1091 1216 quadrantis
1109 1147 1255 1215 dicuntur,
1277 1147 1344 1219 quia

206 1235 314 1292 scilicet
324 1235 359 1291 ad
370 1235 535 1307 quadrantis
546 1233 716 1290 divisionem
726 1233 900 1290 dividuntur.
910 1233 992 1302 Quod
1005 1248 1074 1291 raro
1082 1241 1190 1307 spectet
1201 1236 1236 1292 ad
1246 1251 1344 1293 sarum

206 1326 461 1393 constructionem,
481 1324 625 1381 describes
643 1323 674 1378 in
691 1324 753 1380 loco
768 1325 877 1397 aequali
890 1329 977 1382 totsm
989 1324 1084 1383 tincae
1103 1327 1286 1385 instrumenti
1305 1328 1344 1384 tui

207 1414 403 1488 quantitatem,
426 1414 500 1472 banc
519 1417 549 1470 in
567 1416 637 1472 duas
657 1421 873 1488 assuescentes
897 1419 1021 1486 divides,
1037 1422 1069 1473 ot
1083 1419 1113 1474 in
1126 1419 1252 1490 subtecto
1267 1418 1347 1477 adbe-

210 1511 288 1564 mate
305 1506 331 1561 Δ
348 1505 426 1578 (Tab.
445 1505 503 1573 xi,
523 1505 583 1577 rig.
596 1506 650 1579 36).
670 1506 715 1564 lix
729 1506 783 1564 boc
798 1512 903 1578 puncto
918 1507 944 1562 A
959 1508 1135 1565 describatur
1149 1508 1344 1566 semicircutua

211 1597 284 1655 bct)
300 1596 349 1669 (iit
364 1598 509 1668 pourton
525 1598 684 1670 inquiratur
702 1598 955 1670 perpendicularis.
969 1614 1042 1672 ques
1053 1600 1092 1657 ait
1102 1597 1165 1667 CA,
1177 1615 1265 1672 quare
1277 1616 1349 1672 pon·

210 1694 288 1749 ciem
306 1689 549 1757 Ceritesntroan,
561 1704 666 1762 euqao
678 1690 855 1747 describatur
871 1690 1015 1762 quadrans
1031 1688 1117 1759 istil),
1132 1694 1163 1749 et
1175 1695 1207 1749 ot
1223 1706 1286 1749 mos
1302 1696 1348 1749 est

211 1779 357 1851 quadrans
369 1777 400 1833 in
414 1782 452 1835 oo
468 1783 566 1849 partes
583 1778 801 1849 diligentissime
814 1779 964 1839 dividatur.
979 1779 1034 1839 iiia
1049 1780 1181 1852 miii,
1197 1781 1349 1841 minimos

210 1886 301 1929 unum
315 1870 432 1942 dicatos
449 1872 551 1929 circini
568 1872 671 1944 uadem
688 1871 725 1929 ad
742 1886 829 1931 unam
848 1877 968 1943 wtsm,
982 1873 1030 1931 ubi
1042 1873 1178 1931 subteneo
1191 1870 1241 1931 nb
1255 1872 1347 1942 nnsis

212 1961 320 2019 lineam
334 1962 509 2033 quadrantis,
528 1966 558 2020 st
574 1963 662 2021 atium
680 1964 784 2033 sedum
800 1964 989 2023 emendemus
1007 1963 1044 2021 ad
1057 1967 1093 2023 aa
1110 1964 1240 2034 gradum
1259 1980 1345 2039 qoam

216 2051 379 2111 distantiam
395 2051 597 2113 transferemus
608 2053 639 2109 in
652 2053 758 2113 tineam
769 2054 953 2113 instransenti
962 2053 1157 2122 diuidendum,
1170 2070 1238 2114 moa
1249 2069 1349 2126 parom

215 2146 362 2203 contrecto
379 2143 480 2201 circini
502 2142 575 2214 pede
595 2143 767 2215 accipiemus
789 2149 825 2199 88
843 2146 976 2216 gradoni,
994 2150 1024 2202 st
1040 2146 1082 2204 sie
1100 2145 1137 2202 do
1153 2147 1279 2218 rstiqois.
1297 2145 1351 2203 No

217 2233 336 2293 tudun
355 2237 449 2293 tamon
467 2234 540 2304 qnod
559 2233 606 2291 ubi
619 2233 707 2293 senet
727 2235 852 2305 primam
867 2236 971 2306 pedem
988 2235 1089 2294 circini
1107 2234 1293 2302 firmavimus,
1312 2235 1352 2295 ibi

217 2338 333 2395 muer
344 2328 475 2382 centrum
485 2323 549 2390 erit,
563 2329 594 2383 ut
605 2323 636 2380 in
650 2326 796 2397 exemptos
807 2326 944 2397 quonism
956 2326 1049 2397 urina
1061 2326 1124 2385 vice
1138 2325 1238 2383 circini
1251 2327 1353 2398 pedem

215 2416 248 2472 in
273 2412 299 2471 B
325 2413 522 2484 firmavimus,
542 2415 606 2473 ideo
633 2421 769 2488 punctum
787 2414 813 2473 B
829 2432 943 2488 semme
961 2419 1022 2475 tneo
1042 2417 1136 2477 centri
1160 2418 1352 2489 accipiemus,

215 2510 309 2568 doum
326 2512 384 2566 tota
400 2507 478 2566 linea
492 2509 574 2580 Juxta
588 2509 759 2568 divisionem
775 2510 859 2567 istius
871 2509 1038 2582 quadrantis
1050 2509 1193 2567 sitdirisa
1204 2509 1235 2566 in
1246 2513 1354 2580 ioner-

219 2605 275 2665 tea,
291 2600 395 2674 quibus
411 2599 598 2658 divisionibus
616 2601 792 2659 ascribatur
811 2601 918 2672 proprii
932 2601 1055 2666 numeri,
1070 2601 1116 2661 sai
1128 2600 1198 2659 dei
1215 2599 1246 2659 ia
1264 2604 1293 2665 ti,
1308 2601 1355 2658 aet

224 2692 262 2751 ds
281 2692 316 2751 id
328 2692 361 2749 ia
378 2691 414 2749 ao
429 2693 626 2753 ascendentes.
816 2698 820 2707 “

364 2871 494 2940 uuam
518 2873 716 2939 discuterem
738 2876 774 2939 in
796 2877 1010 2942 instrumento
1031 2873 1211 2942 inscribere.

688 3053 813 3112 ceriti
831 3055 884 3113 vi.

294 3236 457 3293 dowedunt
471 3237 544 3294 duae
562 3236 635 3294 aliae
652 3234 747 3293 lineae
765 3235 806 3303 it,
826 3234 858 3293 id
876 3238 999 3304 notatas,
1027 3251 1102 3309 qnae
1130 3240 1190 3293 tum
1217 3236 1254 3293 ab
1283 3251 1360 3302 iun,

223 3329 284 3383 tem
296 3327 383 3384 etism
395 3341 412 3383 a
423 3329 644 3396 constructione,
656 3328 751 3385 tineos
759 3328 929 3386 circulorum
942 3333 1088 3397 vocantur,
1103 3328 1269 3387 dividuntur
1281 3328 1360 3384 onim

224 3417 260 3471 ad
278 3418 374 3474 circuti
394 3419 575 3487 divisionem,
596 3435 649 3476 nec
669 3437 725 3475 non
744 3420 829 3477 etism
850 3437 949 3479 earum
963 3420 1103 3479 benedcio
1116 3420 1238 3479 circutos
1252 3419 1283 3477 in
1298 3434 1357 3490 ner

225 3514 269 3568 tes
280 3512 383 3582 petitas
396 3528 493 3571 secare
506 3529 663 3584 possumus.
677 3513 706 3568 Si
720 3511 794 3569 banc
807 3515 903 3584 itaque
915 3512 944 3567 in
958 3510 1012 3567 boc
1021 3513 1211 3569 instrumento
1221 3511 1363 3569 describe·
1382 3574 1389 3591 ,

225 3618 257 3660 re
266 3605 388 3675 cogitas,
399 3606 521 3676 accipias
531 3606 669 3675 integram
681 3605 863 3661 instrumenti
873 3605 913 3660 tni
924 3604 1215 3663 detineaudseiiaess
1223 3603 1362 3674 maguitu-

223 3694 333 3762 dinem,
352 3711 472 3768 eamque
491 3696 520 3750 in
540 3697 728 3768 templanum
746 3695 912 3767 transieras,
923 3695 1075 3767 statimque
1090 3695 1239 3751 dimidiam
1251 3699 1363 3766 partem

223 3787 358 3858 accipies,
372 3791 401 3844 st
412 3787 530 3844 babebis
541 3791 681 3853 centrum,
697 3786 771 3859 quod
785 3786 895 3842 notabis
906 3787 936 3841 in
947 3787 1150 3841 instrumento:
1162 3784 1274 3842 iirmato
1283 3785 1361 3841 enin

225 3896 283 3935 nuo
303 3880 402 3935 circini
422 3880 496 3950 pede
514 3880 544 3935 in
563 3884 662 3934 centro
680 3878 882 3943 instrumenti,
901 3877 958 3935 aiio
976 3877 1079 3933 dictam
1099 3877 1202 3933 tineam
1233 3876 1362 3940 secabis,

227 3975 440 4046 sectionemque
459 3973 570 4029 notabis
588 3974 760 4043 sicennam
777 3986 834 4026 nou
848 3971 939 4027 edium
954 3969 1079 4026 ostendit
1091 3968 1240 4025 dimidium
1256 3967 1365 4023 diame-

229 4064 277 4132 tri,
295 4061 448 4123 sedetiam
467 4066 540 4121 tatus
558 4063 712 4135 hexagoni,
731 4079 798 4120 mox
815 4080 852 4121 ex
871 4063 919 4120 ilio
937 4067 1035 4119 contro
1053 4060 1198 4119 describes
1212 4059 1360 4118 circutum.

232 4170 319 4227 quem
338 4158 461 4228 primum
480 4157 591 4215 divides
611 4156 640 4211 in
658 4160 716 4217 tres
735 4161 843 4227 partes,
862 4156 1029 4227 tertiumque
1042 4153 1117 4209 bunc
1132 4157 1241 4224 partem
1255 4149 1365 4207 notabis

232 4246 263 4300 in
277 4245 464 4304 instrumento
483 4264 540 4304 non
560 4248 650 4303 solum
670 4262 720 4316 ner
740 4253 755 4301 :t
774 4247 824 4304 sed
843 4247 927 4303 etiam
948 4261 998 4314 por
1014 4248 1044 4309 7;
1059 4260 1124 4300 nam
1147 4257 1203 4298 non
1224 4239 1364 4311 significat

290 4450 325 4513 (it
338 4450 444 4506 rmore
461 4452 676 4506 imminuisse
692 4409 892 4505 mistrectae
