3120 5168
443 354 666 403 sansonesca
691 355 773 402 uoru
797 356 948 402 orsurus.
1224 345 1265 409 15

133 503 284 551 cressum
306 487 349 550 ab
369 485 487 549 eodem
509 501 592 550 arcu
614 484 810 561 iaculatum,
833 487 922 565 quod
938 489 1104 552 tamensit
1118 490 1266 554 ciusdem

133 604 285 686 ponderis
305 620 384 668 cum
407 602 494 667 telo:
518 607 666 666 attamen
688 603 862 682 pauciores
886 608 994 683 partes
1024 605 1110 668 aeris
1133 613 1266 671 acutam

134 723 189 787 teli
212 721 384 804 cuspidem
408 721 593 803 impellunt.

215 841 398 905 bomrrcus.
444 837 496 903 nd
518 837 582 902 boc
604 837 711 902 lacilis
745 845 832 903 esset
865 842 1052 920 responsi0;
1084 858 1161 907 uum
1190 862 1267 909 curu

134 959 237 1023 telum
260 958 305 1021 sit
326 961 475 1030 acutum,
499 956 609 1037 aptius
624 962 674 1020 est
695 956 739 1019 ad
761 957 979 1022 scindendum
995 958 1144 1025 medium
1168 978 1268 1041 quam

133 1077 262 1157 lignum
282 1076 462 1148 obtusum;
484 1089 564 1156 crgo
586 1074 697 1139 minus
719 1055 923 1140 illi‘resisret
945 1093 1013 1141 aer.

221 1196 427 1259 mensur.
449 1192 607 1258 Putasne
624 1191 761 1256 tortasse
774 1199 922 1259 caeteros
932 1212 1063 1276 quoque
1077 1197 1177 1262 buius
1193 1216 1269 1263 sen·

135 1311 256 1376 tentiae
276 1316 457 1376 sectatores
479 1310 528 1374 ita
549 1310 592 1374 ad
613 1314 847 1391 argumentum
869 1327 1084 1392 responsuros
1105 1315 1204 1379 esse?

220 1428 403 1494 bertricus.
450 1428 501 1493 lta
523 1427 680 1508 prolecto,
696 1433 730 1490 et
746 1428 828 1491 mibi
844 1445 974 1509 quoque
990 1430 1123 1494 videtur
1143 1433 1268 1513 optimu

133 1549 264 1614 solutio.

220 1670 427 1733 brumban
450 1668 525 1746 Quo
548 1672 645 1748 pacto
666 1684 745 1749 crgo
767 1684 833 1730 non
857 1667 1009 1731 fateberis
1029 1669 1176 1733 medium
1199 1688 1265 1734 non

132 1787 259 1850 moveri
281 1787 325 1851 ad
346 1787 479 1851 casdem
502 1790 612 1867 partes
634 1785 677 1849 ad
699 1802 783 1867 quas
806 1785 910 1849 lerlur
935 1786 1076 1851 mobile?
1111 1789 1139 1850 si
1173 1791 1262 1852 enim

134 1903 177 1967 ad
197 1903 330 1967 easdem
351 1903 503 1978 terretur,
529 1918 594 1967 nou
615 1907 735 1967 esseta
751 1902 863 1967 mobili
879 1901 1078 1966 scindendus
1095 1920 1162 1967 aer.
1177 1905 1266 1968 Luce

133 2038 212 2102 ergo
233 2020 357 2085 clarius
381 2026 481 2102 patet,
505 2020 652 2084 medium
675 2036 746 2083 esse
780 2019 998 2083 scindendum
1031 2037 1073 2084 ex
1106 2037 1146 2085 eo
1178 2025 1267 2102 quod

131 2144 231 2204 acuta
254 2139 385 2204 lucilius
407 2137 556 2202 terantur
576 2155 678 2219 quam
701 2138 841 2203 obtuse:
862 2154 904 2200 ex
927 2155 993 2218 quo
1014 2137 1133 2203 deinde
1153 2141 1266 2219 sequi-

133 2261 198 2330 tur,
215 2255 363 2320 medium
384 2271 452 2318 non
474 2254 601 2319 moveri
623 2270 689 2334 quo
714 2254 817 2318 tendit
851 2254 981 2318 mobile.
1015 2255 1130 2320 Restat
1152 2256 1264 2338 itaque

131 2374 361 2439 tantummodo
383 2372 678 2438 demonstrandum
700 2373 789 2454 quod
810 2372 933 2438 mobile
969 2389 1035 2436 non
1070 2378 1266 2439 movetura

130 2492 250 2570 medio,
272 2509 313 2558 co
333 2493 413 2574 quia
437 2491 585 2557 medium
604 2490 785 2556 succedens
820 2492 854 2554 in
879 2496 988 2571 partes
1023 2506 1148 2556 vacuas
1182 2490 1265 2557 illud

130 2610 286 2692 impellat.
309 2609 460 2690 Namque
483 2610 512 2674 si
534 2615 647 2690 partes
669 2609 756 2673 aeris
785 2614 962 2674 moventur
995 2607 1038 2672 ad
1072 2609 1263 2689 replendum

132 2742 276 2789 vacuum
297 2726 451 2791 relictum
474 2744 495 2789 a
517 2726 643 2799 mobili,
657 2742 719 2788 cur
734 2741 800 2788 non
822 2730 856 2786 ct
879 2724 950 2804 pari
969 2729 1065 2805 pacto
1087 2724 1263 2788 retrocedit

133 2841 255 2905 mobile
275 2842 318 2906 ad
338 2843 426 2907 idem
450 2860 594 2909 vacuum
617 2842 838 2924 replendum?
859 2843 942 2906 ltem
964 2843 1008 2904 sit
1043 2860 1075 2904 v.
1110 2861 1141 2922 g.
1175 2842 1265 2923 quod

131 2963 286 3025 movetur
303 2977 379 3042 pars
396 2961 550 3044 cylindri,
565 2967 598 3025 ct
613 2976 679 3023 una
694 2960 785 3023 illius
808 2961 896 3024 basis
913 2958 1104 3040 praecedat;
1128 2977 1266 3024 movea-

128 3082 184 3139 tur
207 3081 320 3141 autem
341 3094 456 3143 versus
475 3078 731 3159 septentrionem
750 3097 758 3139 :
781 3077 993 3160 perspicuum
1011 3085 1061 3141 est
1079 3078 1168 3159 quod
1187 3096 1265 3160 par·

132 3196 218 3261 tium
239 3198 327 3263 acris
348 3197 436 3263 aliae
458 3198 502 3263 ab
535 3199 677 3271 oriente,
710 3198 796 3262 aliae
829 3203 943 3263 autem
965 3199 1008 3262 ab
1028 3196 1200 3262 occidente
1228 3198 1264 3262 iu

129 3332 275 3381 vacuum
292 3317 489 3390 decurrent;
511 3316 624 3380 nullae
646 3322 758 3381 autem
783 3318 825 3381 ab
848 3321 984 3387 austro:
1011 3332 1090 3380 nam
1112 3317 1206 3380 locus
1227 3318 1262 3380 in

127 3449 227 3516 quem
249 3435 430 3499 anteriores
453 3441 562 3517 partes
584 3435 726 3517 cylindri
742 3434 973 3519 ingrediuntur
991 3434 1087 3498 debet
1104 3435 1260 3499 evacuari

129 3550 216 3625 aere,
237 3568 278 3615 nc
301 3551 397 3618 detur
419 3554 566 3636 corporis
590 3554 784 3636 penetratio,
806 3572 891 3636 quae
915 3560 1024 3634 partes
1038 3554 1127 3618 aeris
1145 3553 1264 3619 debent

129 3667 258 3749 ingredi
273 3669 435 3736 inlocum
457 3672 514 3751 qui
533 3690 554 3735 a
575 3670 729 3754 cylindro
750 3672 958 3752 relinquitur.
981 3671 1045 3736 Sed
1060 3670 1152 3735 locus
1165 3686 1262 3751 quem

127 3783 297 3866 cylindrus
319 3790 363 3853 ab
385 3806 462 3853 aere
495 3797 640 3856 evacuat
661 3796 711 3854 cst
733 3807 862 3872 semper
896 3788 1044 3870 aequalis
1067 3788 1141 3853 loco
1163 3804 1261 3870 quem

124 3903 296 3984 cylindrus
307 3912 381 3987 post
394 3924 430 3972 se
440 3908 611 3990 relinquit3
623 3926 702 3991 ergo
714 3907 756 3971 ad
771 3908 860 3973 bunc
876 3907 1077 3990 explendum
1089 3904 1261 3972 sufficiunt

126 4026 235 4100 partes
252 4040 338 4104 quae
359 4042 448 4091 nuuc
467 4026 706 4108 praecedebant
720 4026 931 4107 cylindrum;
954 4042 1040 4106 quae
1055 4025 1097 4089 ab
1113 4029 1264 4089 extrema

123 4138 392 4207 circumferentia
407 4144 496 4208 basis
512 4143 604 4208 illius
618 4144 654 4207 in
670 4161 816 4208 vacuum
831 4143 1007 4218 intrantes,
1021 4159 1136 4207 omnes
1150 4141 1204 4206 vel
1219 4142 1261 4206 eb

129 4257 255 4322 oriente
278 4260 331 4325 vel
354 4262 525 4328 occidente
549 4265 757 4346 proveniunt.
780 4263 924 4344 Quodsi
948 4262 996 4326 ita
1018 4262 1076 4340 sit,
1097 4261 1263 4345 quomodo

128 4378 297 4460 impellent
318 4385 509 4466 cylindrum
536 4388 577 4450 ab
600 4386 733 4451 austro?
756 4386 815 4451 ilis
838 4385 1021 4449 rationibus
1040 4383 1142 4448 aliam
1160 4380 1259 4449 addc:
