3120 5168
454 350 615 398 strumus
639 350 679 398 nn
703 352 785 398 uow
810 354 950 401 uarium
1226 344 1267 406 at

69 468 72 473 ⁴
137 485 255 548 barum
292 480 558 562 magnitudinum
585 480 660 553 nt,
684 481 745 545 [Μ
779 489 941 562 aequatur
976 487 1132 563 gravitati
1169 506 1275 568 aquae

137 599 206 676 ΟΑ,
217 599 286 664 ΕΑ.
307 598 371 663 Sed
386 603 419 661 et
434 597 535 661 moles
550 615 680 677 quoque
696 597 965 680 magnitudinum
978 600 1052 675 ML,
1069 602 1121 666 LB
1137 603 1275 670 demon-

133 723 239 781 strata
244 720 300 793 ‚aar
310 715 459 796 aequatis
471 714 551 778 moli
562 731 668 795 aquae
678 712 821 790 οΑ,ΑΕ,
830 732 919 795 orgo,
932 733 988 796 per
999 716 1141 798 primam
1155 737 1273 800 propo-

133 836 303 909 stuoaen,
317 831 563 916 magnitudines
590 833 637 895 ita
662 833 865 913 compositae
885 850 990 913 neque
1014 851 1146 898 sursum
1172 853 1277 917 noque

133 951 564 1018 ammoneanturuanta
575 951 731 1033 arguerit
742 950 792 1013 vis
806 951 1106 1032 magnitudinisBL
1117 952 1273 1021 deorsum

136 1071 518 1151 pmsuunquaataost
529 1066 581 1131 vis
593 1066 832 1150 magnitudinis
848 1067 910 1133 ut
923 1085 1056 1132 sursum
1068 1070 1276 1151 impatientis.

88 1175 93 1185 '
134 1186 516 1268 Sedpwpraeraissam,
541 1184 735 1267 magnitudo
750 1186 812 1251 ut
836 1202 968 1250 sursum
984 1186 1166 1268 impellitur
1182 1194 1275 1252 tanta

135 1304 315 1385 stamma
331 1311 383 1368 est
400 1304 670 1386 gravitasaqune
686 1300 759 1374 00:
781 1319 861 1384 ergo
884 1302 1079 1385 magnitudo
1102 1305 1154 1371 BL
1179 1307 1273 1370 deor·

133 1439 210 1486 sun
230 1421 356 1489 teretur
375 1427 469 1486 tauta
490 1421 537 1497 vi,
559 1427 685 1501 quanta
707 1425 757 1484 est
780 1421 929 1502 gravitas
950 1438 1057 1502 aquae
1081 1422 1146 1488 DO.
1167 1423 1209 1488 Et
1232 1442 1274 1489 ex

135 1540 197 1604 troo
216 1539 389 1604 maiiesto
408 1539 579 1620 enitigitur
600 1539 689 1620 quod
711 1537 854 1601 solidum
880 1556 968 1620 aqua
996 1541 1132 1620 gravius
1160 1547 1210 1605 est
1240 1542 1274 1606 in

134 1675 220 1739 aqua
241 1663 335 1722 tanto
356 1655 464 1722 ierim
484 1672 586 1737 quam
609 1657 644 1720 in
666 1673 755 1729 aere,
783 1661 906 1736 quanta
928 1663 978 1720 est
1001 1657 1034 1720 in
1058 1674 1134 1720 aero
1156 1660 1275 1741 gravi·

137 1773 457 1856 tasvaquaomolom
480 1773 632 1839 habentis
648 1772 752 1854 ipsius
767 1772 863 1836 sotidi
884 1772 962 1838 moti
982 1773 1177 1854 aequatem
1194 1793 1275 1841 nam

135 1891 278 1956 solidam
299 1891 351 1957 ut
372 1892 410 1956 ἰι
431 1907 509 1956 aare
529 1889 634 1955 fertur
655 1889 809 1956 morsum
826 1907 866 1953 oa
882 1890 1160 1972 granataquae
1184 1893 1280 1972 poni·

138 2015 193 2073 tur
212 2007 361 2090 muniis
383 2007 541 2091 gravitati
556 2023 663 2086 aquae
678 2004 752 2079 u0;
768 2007 803 2070 in
819 2024 908 2088 aqua
925 2012 1041 2069 autem
1062 2006 1166 2073 ierwr
1185 2009 1281 2073 deor·

135 2143 210 2191 sum
232 2133 325 2191 tanta
347 2126 660 2208 gravitatesquaota
675 2130 726 2188 est
741 2125 893 2207 gravitas
910 2122 977 2189 uo.
991 2123 1147 2191 Gravitas
1169 2132 1280 2192 autam

135 2245 192 2311 nu
210 2244 344 2310 moedis
365 2261 389 2307 a
410 2243 575 2325 gravitate
589 2240 650 2306 ΑΟ
672 2249 835 2322 quantum
857 2248 907 2307 est
932 2242 1080 2323 gravitas
1103 2243 1174 2319 ΛΕ,
1195 2260 1280 2325 quae

133 2369 184 2427 est
206 2365 355 2447 gravitas
376 2378 484 2442 aqum
503 2361 623 2426 motem
642 2361 794 2426 habentis
812 2361 985 2442 aequatem
1005 2362 1084 2426 moti
1106 2361 1204 2428 soiidi
1217 2363 1280 2429 ut.

136 2482 225 2547 uase
246 2487 361 2546 autam
382 2480 496 2547 omnia
516 2496 604 2562 quae
624 2480 665 2544 de
686 2496 774 2560 aqua
797 2479 1022 2545 demonstrata
1041 2485 1130 2554 sunt,
1147 2480 1188 2545 da
1205 2497 1282 2544 aare

50 2639 62 2653 ·
134 2589 266 2681 quoqne
286 2597 501 2680 intelligenda
522 2604 640 2663 arants
656 2615 700 2661 ex
717 2612 782 2677 guo
804 2595 1049 2663 universaliter.
1067 2602 1178 2677 patet,
1205 2595 1281 2663 eoi·

138 2733 219 2797 pora
239 2717 297 2782 ilia
317 2715 473 2781 deorsum
496 2716 585 2792 iani,
606 2732 692 2796 quae
715 2714 837 2788 medio,
860 2730 916 2794 par
938 2714 1028 2794 quod
1049 2715 1125 2782 torri
1148 2714 1280 2788 debent,

126 2835 296 2915 graviora
314 2841 413 2910 sunt;
434 2853 473 2899 aa
497 2853 577 2911 raro
598 2852 733 2900 sursum
760 2834 836 2897 terri
865 2850 952 2913 quae
981 2835 1090 2899 medio
1114 2852 1172 2915 por
1193 2838 1288 2914 quod

137 2949 213 3016 terri
236 2951 356 3017 debent
376 2952 504 3018 leviora
522 2952 654 3018 tuerint.

222 3071 405 3136 nourrius.
449 3071 501 3136 Ex
519 3070 855 3133 demonstrationibus
870 3069 943 3133 istis
954 3068 1148 3135 certissimis
1167 3071 1278 3136 mani·

136 3188 386 3270 iustissimisque
400 3189 483 3256 adon
506 3188 684 3270 perfactam
707 3188 976 3268 exquisitamque
992 3187 1112 3250 uorum
1129 3193 1280 3256 motuum

137 3307 390 3390 iatottigeutiam
412 3308 600 3392 acquisivi,
624 3313 661 3375 ut
683 3323 865 3388 numquam
888 3305 928 3369 de
951 3306 1017 3370 iltis
1040 3306 1121 3371 mitri
1137 3307 1280 3389 amptius

132 3423 352 3493 dubitandum
375 3425 419 3492 sit
434 3424 610 3506 dequibus
632 3429 730 3492 antea
751 3422 999 3496 dubitaveram,
1014 3438 1054 3486 eo
1069 3422 1158 3502 quod
1178 3440 1278 3489 num·

30 3528 37 3542 ’
133 3558 237 3622 quam
258 3541 323 3611 uisi
344 3540 483 3612 ooutuso
504 3542 648 3624 quodam
672 3541 771 3608 modo
793 3541 1033 3608 intellexeram.

223 3664 430 3732 mauman.
454 3659 612 3740 Sequitur
638 3659 740 3728 etiam
768 3659 886 3742 gravia
909 3675 948 3725 oo
970 3657 1104 3727 taoitius
1124 3659 1283 3727 deorsum

134 3776 302 3857 ferrique
324 3777 471 3845 modium
489 3795 547 3859 per
564 3777 653 3858 quod
667 3778 795 3843 moveri
815 3776 933 3842 debent
958 3775 1066 3841 invius
1089 3775 1210 3850 inerit;
1233 3775 1283 3838 ia·

29 3913 35 3921 “
136 3896 232 3959 viora
253 3913 333 3960 vero
354 3913 393 3961 eo
416 3895 547 3961 taeitius
573 3914 707 3961 sursum
730 3895 832 3972 terri,
854 3912 920 3976 quo
943 3894 1089 3957 medium
1114 3911 1171 3975 per
1193 3893 1281 3973 quod

137 4011 288 4079 teruntur
310 4016 445 4097 gravius
468 4015 541 4078 erit.

226 4130 410 4198 mutarem.
456 4133 590 4199 Falsum
612 4150 691 4216 ergo
714 4133 777 4196 erit
798 4132 887 4214 quod
909 4132 976 4196 fere
994 4146 1108 4194 omnes
1131 4133 1281 4193 asserunt

63 4233 65 4236 ’
136 4249 321 4333 philosophi
346 4253 425 4317 dum
447 4256 604 4317 conantes
626 4251 852 4317 demonstrare
875 4268 987 4316 aerem
1012 4251 1118 4333 magis
1143 4265 1279 4331 gravem

136 4381 332 4448 essequam
360 4367 489 4443 levem,
515 4367 630 4432 dieunt
658 4368 731 4431 ideo
759 4384 868 4431 aerem
891 4365 999 4448 magis
1020 4379 1157 4447 gravem
1179 4350 1283 4442 quam
