3120 5168
467 366 626 418 sassones
648 370 690 416 ns
715 369 797 416 eoru
821 367 960 416 onesimi
1232 355 1281 418 25*

144 493 249 583 aquae
270 495 397 581 quanta
417 501 467 563 est
489 499 592 562 moles
617 498 720 580 partis
741 498 910 561 demersae
933 498 1170 580 magnitudinis
1194 517 1276 562 ean-

143 619 217 682 dem
240 619 434 697 quam-tota
453 609 650 696 magnitudo
671 613 770 677 nabet
793 612 1004 694 gravitatem,
1026 613 1115 694 quod
1133 613 1195 679 luit
1218 615 1275 679 de-

142 732 404 798 monstrandum.

233 848 331 914 Nune
353 853 483 923 autem,
505 853 683 927 numquam
701 845 744 911 ad
759 846 1072 910 demonstrationem
1094 847 1276 913 solidorum

147 985 236 1051 aqua
258 967 450 1050 graviorum
472 965 692 1040 accedamus,
711 963 1003 1029 demonstrandum
1024 969 1074 1028 est
1095 971 1220 1046 quanta
1244 967 1276 1030 vi

145 1084 251 1150 solida
287 1083 484 1167 magnitudo
521 1098 609 1164 aqua
640 1082 746 1148 levior
772 1098 904 1146 sursum
932 1080 1057 1146 lerator
1090 1084 1118 1147 si
1152 1088 1220 1147 tota
1243 1084 1277 1149 ui

144 1204 206 1267 sub
239 1217 362 1284 agnam
395 1200 617 1282 demergatur.
648 1198 731 1263 llioo
764 1198 889 1280 igitur,
920 1198 1042 1263 solidas
1071 1200 1277 1283 magnitudi·
1345 1224 1349 1232 ·

145 1337 201 1384 nes
223 1336 309 1401 aqua
331 1319 472 1383 leviores
505 1318 540 1380 in
574 1334 697 1398 aquam
726 1317 886 1398 impulsae
913 1317 990 1381 ferri
1017 1335 1150 1383 sumum
1166 1348 1169 1375 z
1185 1324 1276 1384 tanta

144 1438 336 1518 signante
358 1452 466 1518 agna,
490 1436 587 1518 cujus
609 1435 713 1500 moles
736 1440 895 1516 aequetur
916 1435 995 1500 moli
1013 1435 1181 1500 demersae
1205 1454 1277 1503 ma·

146 1554 338 1638 mitudinis,
360 1555 432 1636 ipsa
454 1552 683 1635 magnitudine
705 1552 840 1635 gravior
861 1554 934 1616 erit.

231 1673 281 1740 Sit
301 1674 414 1754 itaque
440 1672 568 1753 primus
590 1676 698 1752 nqueo
718 1676 836 1746 status,
858 1675 934 1734 ante
957 1688 1056 1752 quam
1080 1674 1276 1755 magnitudo

145 1791 248 1856 solida
271 1790 306 1853 in
323 1807 399 1855 eam
414 1789 620 1864 demittatur,
632 1787 823 1870 superdoies
842 1789 897 1854 ΑΒ
913 1785 970 1874 (l),
985 1795 1018 1852 et
1033 1789 1228 1855 demittatur
1241 1793 1276 1855 in
1418 1841 1422 1851 .

145 1925 220 1975 eam
241 1909 276 1972 ri
298 1907 403 1972 solida
425 1906 619 1990 magnitudo
641 1906 708 1983 cn,
729 1912 763 1971 et
784 1905 956 1971 attollatur
985 1895 1081 1988 equa
1094 1925 1198 1988 usque
1233 1907 1276 1971 ad

147 2022 354 2107 superficiem
372 2024 426 2091 EF
439 2043 449 2098 ς
461 2025 584 2103 etquis
602 2039 698 2104 aqua,
716 2040 801 2104 quae
822 2022 997 2100 attollitur,
1014 2023 1069 2088 Eli
1086 2025 1186 2089 nabet
1204 2041 1276 2089 mo·

147 2142 211 2206 lem
233 2143 406 2225 aequalem
422 2142 503 2207 moli
519 2144 622 2208 totius
639 2140 879 2225 magnitudinis
895 2141 1080 2219 demersae,
1097 2148 1131 2207 et
1145 2142 1276 2224 magni·

144 2261 226 2326 tudo
247 2261 482 2343 posituraque
507 2260 622 2337 levior,
637 2260 701 2324 erit
715 2275 822 2341 aquae
835 2260 890 2325 ΕΒ
906 2261 1053 2343 gravitas
1075 2261 1182 2344 molor
1200 2278 1277 2343 grn-

146 2378 251 2443 ritnte
272 2377 329 2445 Gi)
346 2377 468 2442 solidi:
500 2378 707 2460 intelligatur
728 2378 841 2459 itaque
863 2368 939 2460 pars'
954 2396 1067 2460 ,aquae
1089 2380 1158 2456 ΤΒ,
1180 2380 1277 2445 cuius

145 2497 293 2580 gravitas
309 2501 470 2578 aequam
489 2498 647 2580 gravitati
662 2496 756 2561 solidi
777 2496 842 2564 CI).
861 2497 1160 2563 Demonstrandum
1177 2498 1279 2581 igitur

148 2620 196 2680 eat
216 2614 489 2700 magnitudinem
504 2615 644 2683 solidam
665 2632 797 2681 sursum
817 2615 894 2680 lerri
918 2621 1010 2680 tanta
1030 2617 1064 2679 vi
1086 2622 1210 2698 quanta
1228 2621 1277 2679 est

150 2733 296 2815 grauitas
317 2749 424 2814 aquae
445 2733 498 2799 ΤΕ
517 2729 677 2819 (gravitas
693 2735 782 2799 enim
801 2749 908 2816 aquae
929 2733 984 2798 ΕΒ
1003 2733 1110 2816 major
1130 2739 1182 2797 est
1199 2751 1276 2816 gra·

150 2849 256 2914 ritate
276 2866 380 2931 aquae
402 2851 468 2928 ΤΒ,
489 2852 552 2916 lroo
574 2856 626 2915 est
648 2853 814 2934 gravitate
836 2850 933 2914 solidi
955 2848 1032 2936 cn).
1054 2851 1142 2929 Quin
1165 2853 1277 2933 itaque

149 2968 299 3050 gravitas
309 2969 479 3048 aquaeTB
490 2968 639 3049 aequalis
652 2975 702 3032 est
719 2969 877 3051 gravitati
896 2969 1020 3034 solidae
1038 2970 1277 3051 magnitudinis

146 3083 211 3160 Gi),
234 3090 327 3151 tanta
351 3087 396 3149 vi·
409 3092 534 3167 promet
557 3086 711 3151 deorsum
733 3105 821 3168 aqua
843 3087 897 3152 ΤΒ
920 3091 957 3150 ut
975 3086 1118 3152 solidum
1136 3087 1278 3161 attollat,
1319 3067 1320 3071 ¹

146 3207 270 3283 quanta
291 3203 422 3267 resistet
445 3204 588 3271 solidum
610 3223 652 3269 ne
675 3205 857 3270 attollatur.
874 3205 1028 3272 Gravitas
1046 3207 1159 3287 itaque
1175 3207 1278 3286 partis

146 3337 251 3401 aquae
270 3321 471 3403 prementis,
506 3332 621 3404 nempe
645 3322 719 3398 ΤΒ,
743 3327 902 3403 aequatur
924 3323 1131 3385 resistentiae
1152 3321 1277 3387 solidae

147 3438 397 3521 magnitudinis.
420 3439 484 3505 Sed
506 3441 655 3523 gravitas
678 3438 779 3506 totius
802 3456 908 3520 aquae
932 3439 1110 3521 prementis
1143 3438 1197 3503 ΕΒ
1221 3456 1278 3502 eu·

141 3562 248 3637 ¹peret
263 3558 463 3640 gravitatem
486 3574 593 3640 aquae
615 3557 679 3633 ΤΒ,
690 3564 814 3637 quanta
838 3560 888 3620 est
911 3557 1059 3638 gravitas
1082 3575 1188 3639 aquae
1209 3557 1276 3632 ΤΕ,

146 3692 226 3756 ergo
249 3675 397 3757 gravitas
419 3677 521 3742 totius
544 3693 650 3757 aquae
671 3676 727 3740 ΕΒ
750 3675 919 3756 superabit
940 3676 1162 3739 resistentiam
1181 3676 1276 3740 solidi

146 3790 211 3867 cn,
232 3799 358 3874 quanta
392 3798 442 3858 est
477 3795 624 3877 gravitas
658 3810 764 3874 aquae
787 3794 849 3858 TF.
872 3792 1027 3859 Gravitas
1050 3795 1153 3877 igitur
1176 3795 1277 3859 totius

146 3927 252 3991 aquae
285 3914 461 3993 prementis
494 3929 627 3977 sursum
661 3912 806 3993 impellet
840 3910 979 3976 solidam
1016 3913 1277 3994 magnitudinem

147 4032 239 4091 tanto
253 4031 304 4103 vl,
317 4036 443 4111 quanta
457 4036 505 4093 est
520 4031 667 4110 gravitas
691 4031 793 4109 partis
816 4046 922 4109 aquae
945 4029 1008 4101 TF3
1031 4031 1119 4111 quod
1141 4029 1202 4094 luit
1219 4029 1275 4092 de-

146 4146 407 4211 monstrandum.

218 4410 252 4469 tu
268 4408 332 4458 ran.
350 4407 378 4468 1,
395 4409 450 4471 lig.
468 4415 492 4458 a.

233 4497 357 4557 Gaianae
376 4499 503 4558 Gaurum.
523 4532 556 4544 -
576 4502 606 4556 T.
629 4502 677 4558 xl.
