3120 5168
205 327 247 391 ll
514 341 677 390 sennonem
699 341 740 388 nn
763 343 847 388 noro
872 341 1021 389 enarrent.

199 489 264 541 nen
285 491 308 536 a
329 470 453 544 medio,
472 471 532 534 sed
552 471 595 533 nb
615 470 687 532 alie
706 473 861 533 merente
883 469 1022 533 moveri.
1050 468 1164 549 Neque
1197 473 1246 532 est
1282 468 1343 533 di-

197 589 341 666 oendpm
362 586 452 668 quod
478 586 633 668 quamvis
667 586 849 651 sentiamus
883 592 1021 652 rantum
1055 590 1091 651 in
1125 589 1343 655 eontrerinm

122 693 137 776 i
203 707 292 782 ferri,
314 710 427 770 tumen
448 711 558 787 partes
578 705 668 768 aeris
689 721 774 795 quae
797 710 876 769 sunt
897 705 1019 770 mobili.
1035 707 1341 788 propinquissimae

200 822 244 887 ael
264 822 399 887 eusdem
420 838 499 886 uam
521 822 643 887 mobile
665 822 744 887 iorni
766 829 892 905 partes:
915 838 994 888 nam
1016 841 1094 889 ecee
1116 824 1159 888 de
1178 826 1242 889 boo
1256 844 1338 890 ma-

201 942 452 1008 nifestissimum
476 943 676 1024 exemplum.
709 940 826 1009 Nonne
854 945 977 1026 aspiels
1005 945 1198 1009 naviculam
1219 945 1339 1019 imum,

201 1076 287 1142 quae
307 1063 353 1125 ab
372 1061 472 1126 uniee
486 1066 597 1125 naute
619 1062 711 1126 Pisas
733 1068 849 1126 eontra
865 1078 972 1143 aquae
989 1060 1166 1128 decureum
1189 1063 1341 1144 impolli-

202 1178 284 1243 turl
304 1178 465 1245 videmus
484 1178 574 1242 enim
597 1178 690 1241 illam
711 1178 852 1242 semele
874 1183 977 1243 nauta
998 1180 1255 1262 impulsam'per
1272 1180 1342 1243 eli·

202 1295 291 1378 quod
311 1295 389 1360 inde
409 1296 554 1378 spatium
575 1301 692 1361 centra
724 1297 885 1360 nitmtem
908 1310 1029 1379 apuam
1055 1298 1195 1371 ineebir
1228 1303 1345 1380 portes

203 1420 314 1479 tamen
334 1429 442 1496 equae
463 1413 656 1479 naviculam
675 1419 846 1496 tangentes
864 1415 899 1477 in
910 1415 1117 1480 eontrarium
1135 1415 1213 1479 terri
1227 1414 1341 1481 oeulis

203 1534 283 1615 ipsis
297 1532 573 1600 *manifestissime
605 1537 756 1614 apparet:
790 1546 897 1613 neque
929 1533 1047 1597 eredas
1078 1532 1216 1598 fortasse
1248 1535 1344 1613 quud

204 1651 340 1717 nltimee
357 1659 468 1734 partes
480 1668 598 1736 aquae,
613 1665 701 1732 qnae
716 1653 851 1733 puppim
866 1657 998 1716 tantum
1013 1652 1110 1715 nevis
1124 1651 1343 1732 eentlngunt,

203 1772 536 1853 narem-impellere,
559 1770 714 1850 quamvis
742 1775 872 1834 oeten-ae
894 1774 1006 1851 partes
1029 1783 1138 1850 uenae
1159 1767 1342 1832 rideantur

202 1891 236 1954 in
259 1891 466 1954 eontrarium
490 1890 638 1963 moveri;
672 1906 749 1952 nam
779 1895 908 1970 praeter
939 1888 1029 1970 quod
1061 1888 1125 1951 boe
1153 1885 1341 1950 >ridioulum

201 2013 261 2080 est,
276 2008 482 2072 contrarium
509 2009 610 2072 etiam
636 2009 841 2090 experientia
866 2008 972 2074 donet
1003 2004 1037 2073 Si
1065 2007 1141 2088 quis
1161 2007 1253 2070 enim
1279 2023 1341 2068 su-

203 2142 262 2205 pra
296 2128 432 2205 puppim
464 2143 602 2190 manens
628 2127 756 2210 lignum
791 2126 847 2192 illo
881 2124 1059 2209 suspendat
1095 2124 1341 2207 quantumlibet

203 2259 355 2322 parvum,
377 2247 409 2305 et
428 2242 462 2304 iu
485 2260 607 2323 aquam
629 2244 793 2321 demittat,
814 2247 903 2310 clare
928 2245 1051 2310 videbit
1072 2245 1184 2326 ipsum
1206 2244 1242 2307 in
1257 2257 1343 2306 eon·

204 2358 344 2424 torrium
378 2359 477 2433 vobi,
503 2365 537 2422 et
558 2360 617 2424 iilo
639 2360 783 2426 trahenti
799 2364 981 2435 nestorem
1002 2363 1101 2446 eujus
1122 2366 1235 2425 tamen
1257 2377 1343 2425 eon-

205 2477 353 2540 trarium·
368 2483 562 2558 sequeretur
584 2478 612 2541 si
636 2494 723 2559 aqua
745 2480 789 2542 ad
818 2480 952 2544 eusdem
975 2484 1084 2560 partes
1113 2485 1263 2544 moveret
1296 2479 1341 2542 ad

204 2613 288 2677 onas
310 2595 466 2661 nanicula
489 2598 680 2679 impellitur.
1151 2595 1155 2599 ’

293 2716 464 2780 Secum:
488 2719 515 2780 sl
538 2718 687 2782 medium
710 2725 760 2781 est
782 2718 871 2799 quod
893 2718 998 2783 daiert
1019 2716 1168 2792 mobilia,
1186 2716 1274 2781 unde
1288 2723 1341 2779 ost

202 2833 291 2914 qnod
306 2850 384 2897 cum
398 2836 472 2916 quis
487 2837 602 2901 eodem
620 2843 783 2902 tormento
794 2835 918 2901 iaculet
934 2837 1069 2920 globum
1089 2835 1244 2908 ferreum,
1258 2848 1338 2897 oum

202 2966 269 3031 quo
294 2953 396 3017 etiam
419 2953 545 3017 teratur
567 2956 696 3035 liguum
720 2957 790 3021 sive
813 2962 933 3036 stuppa
956 2961 1015 3018 aut
1034 2951 1162 3031 aliquid
1185 2951 1272 3024 leve,
1295 2950 1344 3012 lta

202 3073 312 3133 tamen
339 3076 377 3133 ut
401 3086 504 3150 grave
529 3071 715 3148 praecedat,
738 3072 836 3143 uude,
859 3073 1008 3149 inquam,
1031 3067 1155 3131 accidit
1169 3070 1258 3149 quod
1273 3067 1339 3131 ier-

202 3203 277 3250 rum
301 3203 357 3266 per
376 3185 604 3265 longissimum
628 3187 773 3266 spatium
791 3186 949 3259 ambitur,
966 3190 1085 3266 stuppa
1104 3190 1233 3262 aulem,
1252 3192 1343 3267 post·

202 3321 303 3384 qnam
326 3320 384 3384 par
406 3301 540 3382 aliquod
564 3305 708 3384 spatium
737 3301 861 3366 ferrum
885 3309 1058 3383 prosecuta
1085 3302 1196 3379 luerit,
1215 3304 1343 3368 sistitur

203 3428 236 3487 et
259 3423 293 3487 in
315 3429 439 3487 terram
461 3422 609 3487 decidit?
644 3424 676 3487 Si
700 3438 780 3506 ergo
802 3429 852 3486 est
875 3421 1021 3487 medium
1048 3424 1136 3504 quod
1161 3429 1340 3504 utrumque

205 3552 323 3625 portat,
341 3561 403 3609 eur
417 3544 589 3627 plumbum
613 3561 672 3607 sou
697 3544 820 3607 terrum
843 3543 1034 3624 longissime
1050 3548 1168 3624 portat,
1185 3548 1340 3625 stuppam

205 3682 284 3727 vero
318 3682 383 3727 non
420 3664 525 3729 itemi
567 3667 659 3727 lune
694 3662 804 3726 forsan
838 3660 968 3725 laoilius
1001 3662 1066 3725 erit
1104 3663 1339 3743 gravissimum

204 3781 326 3845 sermm
349 3781 528 3864 impellere,
550 3799 649 3863 quam
675 3781 879 3844 levissimam
901 3783 1055 3861 stuppam
1077 3784 1137 3842 aut
1156 3778 1311 3862 liguum?

294 3899 420 3963 Tertio:
444 3901 470 3963 si
486 3901 607 3965 mobile
630 3918 650 3962 a
672 3899 782 3963 medio
804 3903 968 3968 movetur,
995 3897 1079 3959 illud
1107 3896 1228 3960 mobile
1251 3895 1340 3959 eele-

207 4018 276 4081 rins
297 4025 330 4082 et
354 4037 411 4100 per
434 4019 565 4100 longius
584 4021 729 4101 spatium
745 4019 869 4082 leretur
883 4018 939 4079 oui
955 4016 1066 4096 plures
1081 4013 1209 4079 aderint
1233 4019 1341 4097 partes

205 4136 422 4217 impellentem
441 4137 542 4202 liuius
562 4144 671 4201 tamen
687 4136 893 4201 contrarium
908 4131 1112 4213 experientia
1128 4132 1340 4200 demonstrat.

205 4256 289 4320 Nem
309 4257 337 4318 si
357 4258 400 4319 ab
426 4272 507 4320 arcu
537 4255 727 4336 impellatur
756 4253 1013 4319 subtilissimum
1047 4248 1150 4313 telum
1185 4254 1339 4330 utrinqne

205 4376 351 4446 neutum,
373 4374 436 4435 lnoo
460 4390 517 4454 per
534 4373 664 4451 tinnulus
681 4373 825 4453 spetlum
843 4369 966 4432 leretur
981 4380 1081 4445 quam
1101 4367 1190 4431 uliud
1212 4368 1338 4449 lignum
