3120 5168
470 337 630 383 suasiones
653 339 694 385 ur,
717 338 797 381 vom
823 339 962 384 trulvrusr
1244 329 1287 395 33

235 469 414 532 boninus.
483 468 592 548 lluJus
611 467 808 530 solutionem
829 468 918 548 prius
937 471 1061 549 optime
1080 489 1286 553 perceperam

144 605 184 648 err
210 585 275 649 tuis
298 586 487 649 constitutis
510 591 540 646 et
568 584 803 648 demonstratis
838 584 1188 652 animadversionibus.
1225 590 1288 654 Sed

141 705 250 786 quoad
273 703 460 785 quaesitum
483 703 523 765 de
547 709 669 784 puncto
692 702 877 766 retlexiouis
901 710 1052 767 motus...

233 827 441 887 nnnxlunna.
488 826 572 885 Ante
606 838 706 901 quam
741 824 783 885 ad
808 839 899 884 meae
933 821 973 884 de
1011 823 1071 886 boc
1108 825 1287 903 sententiae

141 941 385 1022 explicatioueu
409 930 605 1011 deveniam,¹
627 945 704 1002 sunt
738 939 897 1002 nonnulla
932 941 1147 1022 inspicienda.
1176 943 1287 1007 Primo

145 1061 278 1141 itaque,
301 1059 407 1140 posito
429 1058 503 1131 boo,
527 1063 564 1120 nt
586 1074 686 1138 supra
705 1057 785 1120 satis
809 1059 1122 1138 comprobavimus,
1147 1059 1287 1133 mobile,

142 1176 222 1240 ‹lum
248 1181 339 1239 motu
367 1173 640 1258 praeternaturali
675 1179 849 1246 movetur,
884 1174 1011 1238 moveri
1033 1193 1052 1236 a
1077 1175 1201 1240 virtute
1224 1176 1287 1240 im.-

143 1310 255 1374 pressa
288 1311 308 1357 a
348 1299 523 1366 movente,
558 1291 873 1378 supponaturidem
910 1293 1030 1357 mobile
1063 1295 1106 1358 ab
1139 1295 1286 1375 aequali·

143 1415 204 1476 bus
232 1412 413 1476 virtutibus
448 1409 630 1491 projectum
655 1427 712 1490 per
745 1410 848 1473 lineas
881 1416 988 1473 rectas
1021 1413 1175 1492 aequales
1208 1430 1284 1476 oum

140 1531 288 1594 orizonte
315 1530 456 1612 angulos
478 1529 706 1601 continentes,
740 1545 868 1609 semper
902 1545 959 1609 per
992 1528 1141 1610 aequalia
1178 1533 1283 1612 spatia

142 1648 277 1713 moveri.
289 1647 511 1729 supponatur,
529 1646 685 1719 secundo,
705 1646 859 1710 mobilea
878 1646 999 1709 virtute
1016 1647 1174 1727 impressa
1191 1648 1283 1713 linita

143 1773 267 1830 motum
292 1783 348 1847 per
370 1765 514 1847 spatium
549 1763 717 1827 inlinitum
752 1770 842 1828 motu
879 1763 1022 1828 violento
1059 1769 1183 1830 moveri
1218 1785 1282 1831 nou

143 1902 251 1965 posse:
268 1882 331 1968 (bis
352 1888 464 1948 autem
490 1883 604 1964 positis
627 1884 887 1957 demonstratur,
912 1884 1069 1948 virtutem
1089 1885 1282 1965 impressam

143 2020 163 2064 a
188 2009 313 2067 motore
335 2002 522 2066 successive
545 2001 578 2063 in
603 2007 696 2064 motu
721 2001 864 2064 violento
898 1999 1074 2074 debilitari,
1109 2018 1167 2065 uec
1192 2019 1284 2082 posse

140 2119 303 2198 assignari
325 2119 359 2181 iu
380 2117 494 2182 eodem
518 2123 610 2181 motu
633 2116 700 2180 duo
724 2125 844 2197 puncta
868 2117 1036 2197 inquibus
1054 2117 1167 2180 eadem
1184 2116 1282 2180 luerit

141 2237 247 2299 virtus
263 2235 445 2317 impellens.
462 2234 511 2300 Sit
527 2236 615 2298 enim
634 2235 720 2299 linea
736 2236 791 2299 AB
808 2231 851 2319 (l)
870 2252 1082 2316 superquam
1100 2233 1158 2297 fiat
1175 2241 1283 2299 motus

141 2352 304 2418 violentus
316 2371 357 2416 ex
371 2357 400 2417 Α
412 2354 446 2416 in
459 2354 484 2417 B
496 2371 516 2416 a
529 2354 655 2417 virtute
666 2352 771 2429 finita,
793 2359 826 2416 et
844 2354 923 2434 quia
940 2353 1014 2415 talis
1030 2357 1150 2428 motus,
1166 2371 1209 2415 ex
1225 2371 1285 2435 pp·

140 2471 281 2548 sitione,
304 2488 370 2535 non
395 2477 593 2551 potestesse
616 2471 788 2543 infinitus,
817 2471 1010 2534 terminetur
1034 2471 1066 2534 in
1091 2477 1213 2551 puuoto
1236 2471 1283 2546 B,

138 2607 198 2652 neo
221 2589 361 2654 ulterius
385 2596 557 2654 moveatur
581 2591 710 2654 mobile.
735 2590 815 2653 Dico
838 2592 960 2670 itaque,
984 2589 1141 2653 virtutem
1166 2590 1283 2670 impel-

142 2706 259 2771 lentem
282 2725 409 2789 semper
432 2708 465 2770 iu
478 2709 537 2772 tali
553 2714 653 2783 ,motu
676 2708 852 2782 debilitari,
875 2725 934 2771 neo
958 2726 1051 2789 posse
1067 2708 1228 2790 assignari
1245 2709 1279 2771 iu

142 2823 227 2888 linea
249 2827 391 2897 Abduo
414 2835 536 2908 puncta
559 2829 592 2891 iu
616 2829 735 2908 quibus
758 2828 904 2891 eiusdem
936 2828 1062 2892 roboris
1097 2828 1139 2891 sit
1174 2827 1280 2891 virtus

140 2941 320 3023 impellens.
344 2943 450 3019 Nam,
473 2946 501 3008 si
525 2945 596 3008 lieri
621 2950 738 3025 potest,
759 2951 830 3008 esto
853 2944 920 3008 duo
949 2950 1070 3025 punota
1094 2945 1142 3021 C,
1165 2945 1214 3018 D,
1247 2950 1280 3006 et

139 3061 245 3126 virtus
268 3063 302 3126 iu
319 3063 427 3129 Dnon
450 3065 493 3129 sit
516 3064 653 3128 debilior
672 3081 772 3145 quam
791 3065 825 3126 in
840 3063 887 3130 C:
906 3064 968 3126 erit
983 3081 1070 3145 ‘ergo
1087 3068 1153 3124 aut«
1163 3062 1280 3127 eadem

137 3188 195 3246 aut
217 3180 354 3256 tortior:
382 3185 426 3246 sit
448 3185 555 3269 primo
578 3183 704 3249 eadem.
723 3184 810 3262 Quia
829 3184 941 3264 itaque
964 3183 1083 3247 mobile
1101 3186 1151 3245 est
1170 3181 1277 3251 idem.

139 3300 245 3364 virtus
257 3308 371 3365 autem
386 3301 557 3383 impellens
572 3303 687 3366 eadem
702 3303 735 3365 in
753 3301 824 3367 Det
841 3301 875 3363 in
891 3300 932 3376 C,
948 3300 1034 3363 linea
1051 3306 1161 3362 autem
1179 3315 1278 3378 supra
1394 3324 1398 3331 ·

138 3435 238 3498 quam
251 3420 289 3484 lit
300 3427 410 3485 motus
421 3438 499 3484 oum
509 3421 552 3484 sit
564 3420 781 3495 eademidem
795 3419 953 3502 angulum
965 3419 1111 3482 oontinet
1123 3433 1199 3481 oum
1211 3416 1280 3479 ori·

137 3543 242 3600 zonte.
255 3537 344 3620 Ergo
357 3538 477 3602 mobile
494 3555 551 3620 per
565 3538 715 3618 aequalia
729 3538 836 3619 spatia
849 3538 1035 3601 movebitur
1050 3553 1091 3598 ex
1106 3535 1237 3616 punctis
1252 3534 1277 3600 C

138 3661 171 3717 et
187 3656 229 3729 b;
243 3663 277 3719 at
290 3674 334 3720 ex
349 3657 374 3724 C
391 3663 544 3723 movetur
558 3657 716 3738 usquead
733 3658 770 3730 B,
779 3674 859 3739 ergo
874 3672 915 3718 ex
931 3655 959 3721 It
978 3655 1164 3719 movebitur
1178 3664 1277 3733 supra

137 3773 173 3849 B,
188 3774 278 3855 quod
290 3778 341 3839 est
356 3777 559 3850 absurdum3
575 3776 719 3856 positum
734 3780 783 3839 est
798 3775 886 3838 enim
903 3791 968 3837 non
984 3772 1122 3835 ulterius
1136 3788 1236 3852 quam
1251 3770 1278 3833 B

134 3892 279 3966 'moveri;
293 3895 325 3954 et
342 3894 449 3974 majus
463 3891 642 3956 absurdum
655 3896 846 3974 sequeretur
865 3893 892 3954 si
907 3891 1101 3961 diceremus,
1117 3888 1275 3953 virtutem

139 4007 172 4071 in
194 4009 223 4077 l)
244 4027 316 4073 esse
338 4009 498 4092 majorem
521 4029 622 4092 quam
644 4012 679 4075 in
701 4007 750 4094 C).
773 4010 995 4091 supponatur,
1017 4008 1129 4079 tertio,
1157 4004 1276 4069 mobile

138 4143 203 4191 non
220 4130 351 4193 moveri
375 4130 646 4204 motuviolento,
668 4131 733 4195 nisi
758 4131 865 4194 virtus
889 4127 1059 4210 impellens
1093 4126 1136 4189 sit
1168 4125 1275 4205 major

136 4245 323 4311 resistentia
341 4249 491 4329 propriae
507 4250 682 4331 gravitatis
696 4248 842 4330 ejusdem
859 4247 1004 4321 mobilis;
1024 4245 1050 4309 si
1072 4261 1151 4308 vero
1167 4241 1274 4322 major

210 4391 246 4448 (i)
260 4389 325 4440 Tau.
341 4390 372 4449 l,
391 4391 446 4451 mg.
462 4395 486 4441 b.

225 4479 353 4538 Gaurum
371 4481 500 4539 Gaurum.
519 4512 546 4521 -
566 4484 600 4540 T.
621 4483 671 4539 xl.
1134 4484 1150 4531 ὅ
