3120 5168
446 394 603 470 suasores
626 395 667 441 os
691 393 772 440 auru
796 393 937 441 anaema
1206 377 1248 442 23

124 533 226 618 potest
252 542 323 588 esse
345 527 475 598 minor,
497 541 575 588 nam
598 524 732 589 daretur
754 540 930 605 corporum
955 524 1157 604 penetratio,
1191 541 1251 586 nae

122 651 225 728 potest
247 660 318 707 esse
340 642 457 724 major,
474 658 515 706 ne
533 642 606 722 quis
628 641 722 704 loeus
744 657 871 704 vaeuus
887 640 1142 720 derelinquatur.
1162 640 1249 717 Quia

121 765 231 843 itaque
253 778 341 841 aqua
366 759 430 834 Fu,
452 759 507 826 (ll)
529 757 764 841 superficiebus
786 732 1076 821 eontenta'nititur
1091 774 1151 822 sua
1171 774 1249 840 gra·

122 882 224 945 vitate
251 877 359 942 redire
381 878 423 942 ad
446 878 621 958 pristinum
644 893 743 941 suum
765 882 910 950 statum.
945 874 1002 939 sed
1024 876 1086 940 hoo
1116 875 1248 957 assequi

117 1015 182 1064 nou
212 1003 318 1079 potest
340 997 404 1060 nisi
426 997 517 1078 prius
539 995 682 1061 solidum
705 995 761 1059 AB
781 1012 824 1057 ex
847 1010 934 1076 aqua
956 993 1125 1060 animatur
1146 1002 1180 1058 et
1205 995 1248 1058 ab

121 1132 206 1196 aqua
238 1113 432 1186 attollatur:
453 1112 594 1177 solidum
617 1117 728 1176 antem
754 1129 795 1174 ne
823 1110 993 1175 attollatur
1015 1117 1084 1177 tota
1119 1113 1251 1194 propria

121 1233 283 1315 gravitate
317 1231 463 1304 resistit3
488 1233 654 1312 ponuntur
686 1234 798 1292 autem
833 1232 904 1291 tum
927 1228 1032 1292 solida
1055 1230 1251 1312 magnitudo

121 1356 192 1414 tum
213 1365 302 1431 agna
318 1349 353 1413 in
371 1349 433 1412 hoc
449 1353 538 1412 statu
551 1346 787 1417 consistentem
809 1361 888 1426 ergo
903 1347 1126 1411 neceesarium
1141 1352 1191 1411 est
1211 1353 1256 1411 ut·

120 1471 265 1550 gravitas
282 1482 387 1548 aquae
410 1464 531 1540 FGCI),
551 1480 617 1544 qua
639 1479 772 1528 sursum
794 1462 912 1526 nititur
925 1463 1068 1529 solidum
1083 1465 1251 1541 attollere,

120 1583 162 1646 sit
183 1582 332 1664 aequalis
355 1580 513 1665 gravitati
535 1595 601 1659 qua
622 1578 766 1644 solidum
788 1579 910 1644 resistit
936 1585 970 1642 et
999 1579 1160 1645 deorsum
1175 1589 1250 1663 pre·

119 1701 220 1763 mitur
243 1696 283 1783 (ei
307 1698 396 1762 enim
417 1698 525 1780 major
545 1703 632 1762 esset
653 1699 801 1778 gravitas
824 1696 1062 1779 aquaeFGCD
1084 1699 1248 1780 gravitate

118 1814 240 1879 solidae
263 1813 501 1897 magnitudinis
524 1815 591 1890 AB,
613 1813 756 1879 solidum
780 1815 834 1878 AB
849 1814 1054 1877 attolleretur
1068 1796 1170 1894 ¹{atque
1186 1832 1248 1878 ex-

122 1932 298 2013 pelleretur
318 1934 360 1997 ab
382 1948 491 2014 aqua;
513 1934 541 1996 si
567 1950 644 1998 voro
666 1933 773 2014 maior
794 1937 881 1995 esset
904 1932 1052 2015 gravitas
1068 1931 1165 1996 solidi
1190 1933 1255 1997 au.

119 2048 327 2113 attolleretur
352 2067 469 2114 rursus
492 2066 601 2132 aqua3
620 2066 707 2130 quae
729 2055 841 2113 tamen
862 2049 976 2113 omnia
990 2050 1045 2113 ita
1067 2049 1256 2113 consister-2

115 2167 160 2230 tia
182 2163 372 2250 ponuntur).
396 2167 429 2231 Si
454 2168 565 2249 itaque
589 2167 736 2250 gravitas
759 2167 916 2247 portionis
939 2183 1045 2247 aqueae
1064 2166 1175 2232 tucn
1189 2184 1247 2231 ae·

117 2288 238 2365 quatur
250 2285 408 2366 gravitati
423 2285 524 2348 totius
539 2284 635 2348 solidi
651 2284 718 2359 AB,
733 2285 797 2348 erit
812 2285 913 2349 etiam
931 2284 1034 2349 moles
1050 2302 1156 2365 aquae
1171 2302 1248 2366 por-

116 2403 214 2466 tionis
238 2401 350 2469 FGGD
372 2404 520 2484 aequalis
534 2402 613 2467 moli
632 2404 733 2467 totius
754 2402 851 2467 solidi
867 2403 936 2468 AB:
955 2402 1034 2485 quia
1049 2407 1162 2467 autem
1176 2420 1259 2467 esse

116 2537 180 2584 non
195 2526 303 2601 potest
323 2519 412 2601 quod
434 2520 537 2585 moles
558 2519 791 2602 aquaeudcn
804 2538 869 2584 non
885 2525 1045 2601 meatur
1061 2520 1141 2585 moli
1156 2520 1255 2585 illius

118 2637 274 2715 portionis
292 2635 389 2702 solidi
411 2655 497 2717 quae
518 2639 580 2701 sul)
603 2654 691 2719 aqua
708 2643 773 2712 est,
788 2654 905 2719 nempe
929 2638 1069 2718 portioni
1085 2639 1122 2712 B:
1139 2639 1247 2702 minor

118 2758 232 2817 autem
257 2761 306 2817 est
327 2756 355 2819 ll
375 2754 448 2836 ipso
469 2757 540 2830 ΒΑς
574 2773 639 2821 non
672 2768 751 2839 ergo
784 2758 901 2822 verum
936 2758 1103 2838 estquod
1134 2755 1247 2837 aliqua

119 2882 196 2947 pars
218 2867 340 2933 solidae
366 2871 602 2954 magnitudinis
635 2878 731 2936 extra
765 2889 886 2953 aquam
920 2875 1032 2946 extet3
1065 2890 1144 2955 ergo
1178 2878 1260 2937 tota·

118 2982 335 3067 demergetur.
369 2985 441 3053 Non
476 2992 586 3052 tamen
620 2989 656 3052 in
689 3006 774 3070 aqua
812 2977 1064 3055 aristenetus
1094 2990 1248 3054 deorsum

117 3100 314 3178 descendet,
346 3105 404 3169 sed
425 3122 492 3186 quo
513 3107 577 3170 loci
600 3107 755 3187 potamur}
771 3126 811 3172 eo
832 3109 1000 3184 manebit,
1032 3107 1126 3172 nulla
1160 3109 1259 3173 enim·

113 3223 161 3281 est
187 3236 291 3284 eausa
325 3239 388 3285 eur
419 3221 616 3289 deseendere
649 3225 788 3303 debeat;
811 3244 889 3292 nam
923 3244 1138 3308 numaeque
1172 3243 1251 3308 gra·

114 3336 164 3398 vis
197 3342 339 3417 ponatur
373 3356 428 3411 ao,
447 3356 549 3421 aqna,
583 3340 692 3407 dicere
716 3343 808 3408 illam
831 3345 864 3408 in
890 3362 1013 3427 aquam
1040 3344 1250 3418 deseendere‚

112 3460 197 3517 esset
218 3453 307 3519 idem
325 3473 365 3520 ao
387 3457 415 3520 si
439 3459 626 3525 diceremus
647 3478 768 3542 aquam
792 3464 826 3526 in
849 3480 936 3544 aqua
956 3465 1033 3526 ‘sub
1067 3480 1154 3542 aqna
1188 3464 1249 3525 de·

110 3570 276 3648 scendere,
298 3577 331 3636 et
354 3591 488 3639 rursum
514 3592 656 3658 aquam,
679 3595 765 3658 quae
787 3578 935 3660 primum·
955 3596 1053 3659 super
1075 3577 1246 3651 aseendit,

111 3685 265 3753 deorsum
297 3691 419 3756 iterum
441 3692 657 3768 descendere3
685 3697 726 3757 et'
742 3696 789 3759 sio
813 3711 900 3777 aqua
922 3696 957 3758 iu
981 3694 1148 3759 inlinitum
1172 3713 1249 3776 pro-

111 3804 227 3869 aedere
262 3807 452 3873 alternatim
483 3810 708 3876 descendendo
741 3818 773 3874 et
808 3811 1038 3888 ascendendo,
1073 3813 1161 3893 quod
1196 3814 1249 3876 iu-

116 3923 316 3987 oonveniens
338 3932 399 3990 est.

203 4039 274 4105 lloo
295 4044 409 4125 itaque
427 4045 661 4125 demonstrato,
675 4052 824 4132 sequitur
843 4057 880 4115 ut
897 4051 1111 4116 ostendamus
1126 4051 1251 4114 solidas

110 4157 358 4236 magnitudines
385 4179 472 4244 aqua
488 4164 628 4230 leviores
651 4168 685 4231 in
708 4185 831 4249 aquam
846 4168 1005 4235 demissas
1020 4188 1086 4234 non
1103 4168 1251 4251 demergi

110 4272 216 4345 totas,
241 4275 299 4339 sed
321 4293 438 4342 earnm
461 4281 608 4363 aliquam
633 4289 759 4365 partem
782 4292 897 4350 extare
920 4306 962 4352 ex
989 4305 1086 4369 aqua.
1114 4285 1249 4368 Oportet

111 4385 214 4467 igitur
232 4395 424 4461 meminisse
446 4399 534 4480 quod
563 4406 639 4465 tuno
670 4401 775 4466 solida
799 4406 993 4487 magnitudo
1028 4405 1150 4469 dieitur
1184 4403 1250 4465 alia
