3120 5168
529 358 687 404 §annonas
712 359 751 404 ua
776 358 857 404 eoru
883 360 1022 406 cnavrnn
1305 346 1348 412 lb

212 495 297 556 osset
319 493 345 553 si
366 491 433 555 duo
456 492 569 566 verba,
595 490 695 553 etiam
727 492 754 553 si
782 490 863 553 nibil
892 491 934 554 ad
952 508 1022 553 rern
1043 491 1207 569 facientia,
1221 495 1257 556 in
1279 511 1349 558 rne-

213 610 305 672 dium
329 608 495 680 allerrent3
510 605 747 690 subjungerent
761 607 848 670 enirn
868 608 968 688 paulo
984 613 1072 689 post:
1090 610 1171 672 satis
1188 627 1349 693 superque

214 725 342 790 abunde
365 725 514 805 superius
536 724 612 787 talis
634 724 747 804 opinio
768 722 937 788 conlatata
960 732 1026 800 est,
1048 731 1081 789 et
1103 727 1224 790 similia
1248 731 1349 793 verba

212 844 405 924 ampullata,
426 843 544 924 quibus
567 842 645 906 solis
668 841 729 906 sibi
755 842 848 923 ipsis,
886 848 919 905 et
953 843 1162 908 audientibus
1185 862 1219 909 se
1244 847 1349 926 impe·

212 962 397 1035 titionibus,
419 961 588 1041 opiniones
616 978 693 1023 suas
728 960 946 1040 persuadent:
983 962 1076 1033 istis,
1099 963 1127 1025 si
1154 969 1350 1045 argumenta

213 1095 285 1142 rnea
299 1079 461 1151 audirent,
475 1084 507 1140 et
523 1079 755 1159 responderent
774 1095 863 1141 ineas
878 1078 1023 1141 rationes
1047 1097 1111 1143 nou
1133 1081 1348 1157 concludere,

211 1197 287 1276 quia
310 1214 388 1259 mox
411 1197 527 1277 loquor
541 1196 582 1258 de
602 1203 693 1259 motu
711 1212 841 1259 sursum
858 1213 936 1260 mox
951 1197 991 1259 de
1013 1198 1178 1272 deorsum,
1193 1200 1281 1280 quod
1299 1206 1349 1263 est

211 1318 326 1376 contra
349 1313 535 1376 Aristotelis
559 1313 796 1386 intentionem,
819 1319 876 1376 aut
899 1313 1022 1376 similia
1039 1317 1139 1379 verba
1157 1315 1280 1381 nullius
1295 1336 1352 1380 ro·
1411 1313 1413 1316 ’

214 1432 301 1495 boris
314 1432 350 1493 in
367 1430 512 1494 medium
527 1431 693 1503 allerrent;
709 1431 793 1505 istis,
810 1432 955 1511 inquam,
970 1433 1050 1495 salis
1066 1451 1227 1515 superque
1241 1436 1352 1516 opinio

212 1567 285 1614 mea
319 1548 488 1614 conlatata
523 1549 711 1613 videretur:
746 1555 781 1612 at
808 1549 848 1612 de
875 1550 927 1612 bis
961 1550 1141 1615 bactenus:
1165 1553 1247 1616 satis
1271 1555 1349 1617 mibi

210 1668 254 1731 sit
276 1669 377 1731 talem
399 1667 466 1730 illis
488 1667 734 1748 responsionem
758 1667 997 1747 praeripuisse,
1020 1686 1097 1732 cum
1121 1670 1274 1735 adderem
1299 1691 1352 1736 se-

211 1785 354 1849 cundum
377 1785 582 1865 exemplum,
607 1785 640 1847 in
661 1802 727 1865 quo
749 1785 790 1846 de
818 1802 883 1848 uuo
905 1791 1034 1849 tantum
1070 1797 1163 1850 motu
1197 1787 1352 1868 loquitur.

211 1905 480 1970 Concludendum
504 1905 615 1985 itaque
638 1911 697 1975 est,
721 1904 839 1968 salsum
874 1905 1009 1968 omnino
1045 1904 1127 1969 illud
1149 1924 1242 1981 esse,
1265 1909 1352 1988 quod

212 2023 339 2087 scilicet
361 2024 499 2088 tarditas
523 2031 580 2088 aut
603 2024 754 2086 celeritas
780 2029 888 2087 motus
911 2042 953 2086 ex
979 2025 1129 2088 crassitie
1157 2030 1214 2089 aut
1247 2027 1353 2090 subti-

211 2141 303 2206 litate
326 2143 426 2206 medii
451 2146 633 2223 proveniat.

299 2261 470 2330 Secundo,
495 2266 653 2341 tanquam
683 2267 795 2325 notum
831 2264 1008 2344 assumpsit
1032 2264 1248 2337 Aristoteles,
1274 2282 1354 2327 eauae

207 2381 282 2445 dem
298 2380 420 2444 habere
444 2382 687 2462 proportionem
709 2389 816 2445 motus
841 2383 1050 2445 velocitatem
1067 2383 1107 2444 ad
1125 2383 1261 2446 alterius
1281 2402 1353 2447 mo·

124 2546 130 2554 .
208 2508 259 2565 tus
279 2500 502 2572 velocitatem,
524 2517 624 2580 quam
647 2500 745 2563 babet
764 2502 930 2564 subtilitas
949 2502 1046 2564 medii
1065 2502 1107 2563 ad
1126 2502 1263 2565 alterius
1284 2519 1352 2566 me·

210 2621 255 2682 dii
277 2618 516 2682 subtilitatem:
552 2619 614 2681 boc
645 2625 756 2682 autem
780 2637 845 2682 non
869 2620 1111 2682 demonstravit
1129 2620 1346 2694 Aristoteles,

212 2743 244 2800 et
266 2737 377 2800 dextre
398 2736 530 2819 quidem
553 2736 616 2800 hoc
639 2737 789 2819 aufugit:
812 2738 935 2801 trustra
959 2738 1046 2800 enirn
1064 2739 1256 2812 laborasset,
1275 2755 1352 2802 oum

213 2856 497 2921 indemonstrabile
520 2859 574 2929 sit,
597 2865 629 2919 et
653 2856 773 2919 nedum
798 2856 1099 2928 indemonstrabile,
1119 2874 1235 2920 verum
1250 2856 1362 2920 etiam.

208 2975 338 3039 lalsum.
361 2975 444 3039 Nam
466 2978 568 3039 etiam
592 2977 619 3037 si
642 2975 843 3038 concedatur
869 2975 1088 3038 subtilitatem
1116 2992 1187 3038 esse
1214 2991 1352 3039 causam

208 3093 407 3169 celeritatis,
430 3099 584 3173 sequetur
617 3093 748 3173 quidem
778 3098 812 3156 ul
838 3093 870 3155 in
897 3093 1014 3174 majori
1038 3092 1221 3156 subtilitate
1245 3093 1353 3174 major

208 3211 271 3274 erit
292 3213 456 3286 celeritas,
479 3230 544 3276 nou
568 3219 678 3276 tamen
702 3212 809 3275 adbuc
836 3218 988 3292 sequetur
1006 3211 1186 3276 secundum
1214 3213 1352 3275 eandem

210 3331 453 3411 proportionem
477 3333 591 3413 augeri
615 3332 800 3395 celeritates
822 3336 855 3393 et
878 3330 1098 3404 subtilitates;
1117 3336 1161 3403 et,
1181 3334 1216 3393 ut
1235 3347 1353 3394 secun-

209 3449 287 3513 duur
322 3451 532 3515 Aristotelem
569 3451 705 3531 loquar,
739 3450 904 3514 subtilitas
938 3451 1024 3512 aeris
1058 3450 1099 3512 ad
1135 3449 1351 3512 subtilitatem

208 3585 313 3648 aquae
328 3568 453 3632 nullam
467 3569 601 3632 baberet
618 3568 861 3649 proportionem
875 3586 884 3638 ;
900 3585 976 3629 narn
990 3586 1020 3630 v.
1039 3586 1068 3647 g.
1082 3567 1209 3647 lignum
1226 3567 1259 3629 in
1276 3583 1352 3629 aere

210 3686 399 3759 descendit,
423 3688 457 3749 in
480 3704 565 3767 aqua
589 3705 668 3750 vero
691 3704 777 3757 non;
800 3703 901 3766 quare
924 3684 1075 3747 celeritas
1091 3686 1125 3746 lu
1142 3701 1218 3745 aere
1236 3683 1278 3745 ad
1297 3701 1353 3745 ce·

208 3805 371 3869 leuitatem
389 3807 422 3867 in
439 3824 524 3887 aqua
539 3807 665 3871 nullam
684 3806 818 3869 babebit
837 3806 1091 3885 proportionem.
1107 3802 1203 3880 Quod
1219 3802 1351 3883 quidem

207 3925 243 3984 ut
265 3922 338 3985 luce
360 3923 483 3986 clarior
505 3929 672 4003 appareat,
696 3922 803 4002 primo
825 3920 957 4002 quidem
982 3917 1262 3981 demonstratione
1278 3931 1351 3979 om-

210 4038 287 4101 uino
305 4040 407 4104 simili
424 4040 484 4115 illi,
498 4058 562 4121 qua
579 4040 797 4104 contendebat
817 4038 1009 4102 Aristoteles
1031 4037 1257 4100 demonstrare
1281 4052 1353 4098 mo,-

211 4161 280 4219 tum
303 4158 338 4220 in
361 4176 467 4223 vacuo
490 4159 682 4239 contingere
710 4159 743 4219 iu
772 4151 930 4230 instanti,
957 4155 1130 4219 ostendam
1154 4160 1262 4217 motus
1286 4171 1350 4216 non

207 4291 339 4338 servare
356 4277 440 4339 inter
455 4292 500 4350 se,
514 4275 621 4356 quoad
641 4275 861 4344 velocitatem,
875 4274 1117 4353 proportionem
1130 4270 1348 4335 subtilitatum

212 4392 410 4469 rrrediorunr3
431 4394 546 4458 deindo
571 4396 671 4458 etiarn
695 4393 865 4469 ostendam
892 4411 990 4472 quarn
1015 4391 1259 4473 proportionem
1283 4403 1352 4462 lerv-
