3120 5168
378 533 669 593 tmbsTntsstnto
684 534 850 592 onlnem
862 537 910 595 Ac
922 537 1070 597 nouitio
1084 540 1229 598 nouitio

511 765 804 856 concinno
834 765 1090 859 ERNESTO

295 1014 427 1063 neroniani
439 1015 673 1079 Bnndenburgsnsb
682 1015 817 1074 Rotundus,
828 1016 924 1074 stetini,
938 1013 1100 1075 Pomarsniue,
1115 1018 1306 1080 Censubrioruun

292 1116 483 1176 Wandalorum,
496 1129 521 1167 et
536 1119 637 1168 Silesise
653 1119 714 1167 Duci
732 1121 757 1169 in
773 1116 860 1167 Crono
881 1129 907 1167 et
920 1119 1078 1184 legendarii
1096 1132 1157 1178 eta,
1174 1123 1307 1188 burqrseio

292 1218 493 1285 dorimbrrqensi,
508 1233 531 1272 et
548 1222 655 1286 Peincipi
673 1223 772 1287 lluqise,
787 1234 831 1271 etc.
848 1223 951 1271 Domino
966 1239 1010 1271 ιιιο
1025 1222 1220 1293 elementissimo
1235 1228 1258 1274 S.
1278 1227 1302 1276 P.

303 1434 431 1507 Pbils'ppo
440 1438 586 1496 Macedone
597 1437 742 1495 Graeciam
749 1449 905 1510 occupante,
916 1441 1105 1497 illustrissime
1115 1441 1256 1512 Princeps,
1268 1459 1363 1500 memo

226 1528 289 1579 riae
294 1531 434 1596 proditum
447 1540 498 1592 est,
510 1547 570 1586 eum
584 1531 745 1587 Corintburn
757 1533 938 1588 clarissimam
949 1535 980 1588 in
991 1534 1115 1600 saucibus
1127 1535 1306 1605 Peloponnesi
1317 1553 1363 1591 ur·

229 1617 284 1672 bens
302 1630 482 1692 oppuqnaret,
502 1621 659 1679 Corintbios
676 1639 767 1677 ornnes
783 1625 820 1678 ad
837 1624 1002 1678 obsidionem
1019 1625 1151 1695 ejusmodi
1166 1626 1359 1695 repellendam,

226 1711 374 1779 multiplici
391 1713 549 1768 bellicarum
564 1729 658 1768 rerum
672 1730 752 1784 opere
767 1714 854 1781 tuisse
871 1722 1032 1784 ocmpatos:
1050 1717 1074 1770 ii
1089 1730 1206 1786 namque
1220 1731 1299 1771 arnna
1311 1731 1361 1785 pa·

226 1800 340 1862 rabant,
358 1802 410 1856 alii
425 1802 520 1857 urbem
536 1806 625 1858 muris
642 1821 676 1858 ue
692 1806 774 1859 oollis
791 1805 965 1868 muniebant,
983 1807 1027 1860 illi
1044 1806 1148 1876 lapides
1164 1808 1358 1878 apportabant,

225 1888 279 1942 alii
295 1890 373 1944 uliud
384 1894 450 1960 quid
467 1894 534 1946 utile
546 1894 801 1953 moninusrabanc:
817 1893 948 1965 lbiopcnes
961 1911 1025 1950 oero
1039 1898 1178 1966 sinopeius
1192 1899 1360 1968 copnomento

226 1979 360 2050 Cynicus,
371 1998 401 2036 eo
414 1992 529 2053 tempore
549 1986 710 2040 Corinthum
725 1987 895 2054 inhabitans,
915 1989 946 2041 in
965 1995 1041 2042 tanto
1057 2004 1150 2043 rerum
1166 1990 1281 2044 tumulto
1298 2005 1359 2046 cum

224 2073 295 2140 quid
307 2083 395 2143 aperet
409 2076 451 2129 nil
468 2078 535 2131 certi
552 2077 659 2132 baberet
678 2077 743 2149 (sua
759 2093 877 2148 namque
893 2093 977 2147 opera
994 2079 1088 2134 nullus
1104 2081 1200 2150 aliqua
1216 2082 1289 2136 inre
1303 2090 1358 2136 uie·

222 2161 338 2235 batur),
356 2173 426 2220 reste
444 2181 495 2220 sua
512 2169 667 2234 accinctus,
688 2170 719 2222 in
736 2184 790 2238 quo
806 2168 984 2232 morabatur,
1003 2169 1133 2224 doliolum
1149 2172 1358 2244 circumquaque

219 2255 344 2311 uolutare
369 2259 526 2326 festinabat.
556 2260 742 2332 Interroponti
767 2277 830 2317 osso
857 2262 944 2315 amieo
965 2261 1138 2331 quamobrem
1158 2262 1229 2317 illud
1250 2271 1356 2334 aperet,

220 2350 391 2416 respondisse
401 2350 511 2417 fertur:
529 2349 625 2408 Voluto
639 2360 663 2408 ct
681 2369 727 2424 epo
743 2354 856 2416 dodum,
874 2368 908 2407 nc
925 2368 998 2406 unus
1015 2355 1073 2422 ipse
1087 2354 1161 2409 solus
1174 2355 1247 2408 inter
1261 2361 1299 2409 tot
1313 2371 1358 2410 ne·

217 2439 333 2513 potiosus
340 2444 416 2495 risos
425 2444 533 2496 ociosus
542 2443 620 2497 bodie
628 2444 852 2512 deprehendatur.
863 2440 921 2514 Epo
929 2459 1035 2513 quoque
1044 2445 1074 2498 in
1083 2444 1133 2499 boc
1144 2444 1260 2499 clamoso
1268 2445 1357 2500 s'eculo

220 2527 365 2600 (bispents
383 2532 517 2604 exemplo)
536 2549 598 2588 cuns
615 2551 706 2590 omnes
725 2534 912 2603 Pluilosopbos,
930 2533 1058 2596 bicds'aos,
1076 2543 1158 2605 atque
1175 2533 1357 2605 iurisperitos

219 2624 340 2676 manime
357 2634 500 2694 ocmpatas
511 2627 624 2688 oidearn
637 2643 671 2681 ne
683 2627 756 2682 solus
770 2627 874 2682 silentii
887 2628 1000 2681 erimine
1009 2628 1166 2697 plectendus
1177 2629 1241 2691 sim,
1252 2628 1355 2684 dolium

218 2712 344 2767 odutare
360 2716 474 2777 tentabo,
492 2722 517 2770 ct
534 2719 566 2771 ns'
583 2733 624 2771 nte
640 2732 700 2770 mea
716 2716 789 2783 saliit
802 2717 905 2785 opinio,
918 2715 993 2786 lonpe
1003 2715 1085 2770 aliter
1096 2731 1130 2771 ac
1146 2713 1276 2787 Diopmn
1288 2717 1356 2784 sece-

215 2805 278 2857 rit:
298 2804 344 2858 illc
358 2807 429 2860 enin
440 2823 489 2877 per
503 2810 571 2863 dolii
584 2810 776 2864 volutationem
792 2810 873 2879 quasi
889 2823 939 2877 per
957 2809 1062 2879 enipma
1080 2808 1214 2879 quoddam
1234 2810 1355 2864 conriocs

215 2907 282 2946 suos
303 2895 399 2949 dorem
420 2901 547 2961 tentarit,
566 2913 612 2969 eqo
628 2913 701 2960 osro,
719 2907 750 2954 ut
768 2906 902 2968 quantum
917 2899 949 2952 in
965 2913 1007 2952 nse
1024 2905 1072 2960 cel,
1087 2899 1211 2954 omnibus
1227 2899 1354 2969 prodesse

212 2988 325 3056 passim,
345 2989 429 3041 totius
442 2985 610 3044 Gconsetriac
622 2990 807 3058 compendium
815 2989 949 3059 quoddam
959 2988 1137 3043 wlatandum
1145 3004 1215 3059 prae
1226 2990 1353 3046 manibus
1449 3062 1452 3067 .

213 3078 332 3147 aecipio,·
350 3078 383 3132 dc
396 3077 474 3148 cujus
489 3079 596 3148 quidem
608 3078 779 3149 praestantia
797 3079 823 3132 ιι·
839 3078 920 3133 rerba
936 3077 1026 3145 sacen
1040 3077 1142 3144 uellem,
1162 3076 1353 3133 illustrissime

217 3164 356 3235 Princeps,
368 3164 576 3222 biubmuats‘eac
591 3168 662 3222 mibi
677 3167 838 3236 disciplinae
857 3167 1010 3222 laudandae
1027 3175 1122 3231 cuent,
1141 3169 1231 3239 sieque
1248 3182 1352 3223 nuncu·

213 3264 324 3330 potoria
334 3263 449 3332 epistola
461 3266 492 3317 in
504 3265 662 3318 inmensum
674 3270 844 3319 commeent.
861 3260 961 3319 Verum
969 3263 1041 3317 enim
1048 3277 1111 3318 uero
1120 3278 1204 3332 neque
1215 3277 1274 3318 mea
1286 3270 1350 3317 sunt

212 3352 279 3405 rudi
296 3361 319 3406 et
338 3356 467 3408 inomsoto
483 3356 606 3408 oratione
623 3354 832 3415 dehonestanda,
849 3367 919 3423 quac
936 3353 978 3408 orl
989 3352 1046 3407 solo
1060 3355 1168 3408 nomine
1177 3368 1228 3422 per
1242 3368 1270 3407 sc
1282 3353 1350 3406 satis

214 3444 372 3507 laudantur,
382 3461 467 3516 neque
479 3446 687 3501 1unarnunue
700 3446 830 3517 Princeps
840 3453 877 3500 est
887 3445 1041 3515 proliuiore
1051 3459 1171 3499 sunnone
1179 3445 1347 3515 detinendus.

217 3531 318 3600 Quare,
332 3535 374 3589 bis
385 3537 498 3598 relictis,
515 3536 552 3589 ad
561 3536 732 3605 propositum
749 3550 838 3590 mcum
848 3535 932 3604 nmqis
944 3535 1080 3595 accedens,
1095 3549 1155 3588 eum
1168 3535 1234 3588 satis
1248 3534 1298 3587 diu
1308 3535 1349 3601 [u-

213 3625 315 3680 brieam
336 3635 360 3681 et
386 3642 455 3681 usus
481 3626 564 3696 nujus
584 3626 690 3682 circini
705 3627 911 3697 proportionis,
935 3640 1013 3695 quem
1031 3641 1087 3679 non
1110 3627 1244 3681 inmerito
1263 3627 1346 3681 totius

212 3712 382 3772 Geometriae
398 3719 585 3789 compendium
602 3721 750 3780 nominari,
768 3719 938 3779 volutassen,
957 3718 1065 3772 tandem
1081 3726 1112 3771 ut
1129 3715 1181 3770 sub
1198 3716 1229 3772 d.
1251 3715 1280 3772 T.
1300 3733 1346 3772 no·

207 3809 280 3860 mine
298 3808 329 3861 in
346 3809 485 3875 publicum
501 3810 631 3879 prodiret,
650 3810 763 3863 deenen.
778 3806 971 3877 sedquoniam
987 3807 1135 3861 mirabitur
1152 3807 1345 3877 proculdubio

208 3897 341 3966 quilibet,
360 3899 432 3966 quod
449 3914 494 3969 eqo
513 3898 601 3953 italus
620 3901 747 3954 intertui
766 3897 866 3952 Italiae
884 3896 1029 3966 Principes
1047 3904 1186 3958 exterum,
1207 3898 1254 3951 eui
1275 3897 1347 3951 bunc

209 3985 313 4037 tibrum
330 3985 455 4049 dicarem,
475 3989 605 4057 elcqerirn,
624 3988 683 4041 idco
701 3994 731 4042 ut
749 3987 808 4055 ejus
825 3989 868 4040 rei
885 4001 996 4040 causam
1013 3985 1122 4039 reddere
1136 3988 1247 4054 poseim,
1262 3986 1347 4040 altius

208 4077 383 4144 aliquomodo
399 4080 467 4134 mibi
486 4081 681 4134 exordiendum
698 4081 759 4135 erit.
781 4079 849 4135 Cum
865 4080 986 4147 primum
1002 4079 1094 4148 itaque
1111 4092 1146 4131 eo
1164 4078 1347 4132 bumanorum

175 4191 182 4201 ι
210 4167 357 4220 literarum
375 4168 517 4223 Aeudcmia
535 4171 573 4224 ad
591 4170 738 4240 lopicalcm,
754 4170 948 4240 pbpsicamque
966 4170 1119 4231 scientiam,
1140 4168 1233 4223 Patris
1245 4169 1345 4238 jussu,

208 4257 419 4324 capescendam,
450 4259 480 4312 s'n
505 4256 656 4329 Gpmnosio
675 4258 829 4326 Patauino,
849 4276 904 4314 non
923 4260 1009 4314 solum
1026 4267 1138 4329 propter
1157 4258 1348 4327 Professorum

206 4346 370 4407 doctrinam,
387 4347 524 4403 sedetiam
539 4354 653 4417 propier
671 4357 828 4403 ceterarum
846 4347 994 4404 Nationum
1010 4350 1200 4418 frequentiam,
1213 4349 1347 4418 amplissi-
