3120 5168
526 365 686 414 saumones
708 367 750 412 ne
774 366 856 413 noro
880 367 1030 416 unaarum
1301 355 1343 420 59

213 495 411 562 monstratio
435 496 647 578 intelligenda
676 502 726 560 est
751 497 843 561 nulla
867 498 1029 562 existente
1051 498 1249 565 accidentali
1263 504 1348 567 resi·

213 607 335 679 atentia
350 621 409 679 aut
424 615 569 688 mobilis,
593 620 652 679 aut
675 615 764 697 plani
780 615 931 680 inclinati
951 617 1152 698 asperitatis,
1172 619 1346 686 ueletiam

208 730 342 799 mobilis
365 733 503 814 dgnrae,
521 733 579 797 sed
601 733 851 816 supponendam
874 739 925 798 est
944 734 1080 815 planum
1096 752 1167 799 esse
1185 737 1347 817 quodam·

209 851 309 916 modo
329 852 578 931 incorporeum,
595 850 651 915 vel
672 851 791 914 saltem
805 851 1018 915 exactissime
1033 853 1218 934 expolitum
1235 859 1268 917 et
1284 855 1347 920 dn-

212 985 300 1044 rum‚
316 985 368 1043 ne,
382 967 462 1031 dum
475 966 596 1032 mobile
609 984 708 1049 super
723 968 860 1049 planum
872 976 1004 1051 gravat,
1015 970 1191 1034 inclinaret
1202 973 1349 1054 planum,

207 1093 242 1152 et
263 1085 506 1168 quodammodo
530 1091 701 1168 tamquam
726 1087 759 1149 in
778 1086 874 1151 lovea
889 1087 923 1151 in
938 1103 979 1151 eo
993 1088 1192 1169 quiesceret:
1212 1107 1345 1156 necesse

209 1210 261 1270 est
282 1204 384 1268 etiam
407 1203 529 1268 mobile
552 1219 624 1267 esso
645 1204 936 1284 expolitissimum
958 1210 991 1268 ct
1014 1204 1121 1289 ligura
1137 1225 1223 1289 quae
1238 1212 1343 1275 motui

209 1339 276 1388 nou
299 1323 445 1394 resistat,
466 1321 573 1402 qualis
591 1327 678 1385 esset
701 1321 844 1403 perfecte
866 1322 1062 1403 sphaerica,
1085 1329 1119 1388 et
1141 1325 1221 1390 item
1236 1334 1344 1391 mate-

212 1441 262 1505 ria
284 1440 486 1516 durissima,
508 1445 568 1503 aut
592 1439 697 1504 tluida
719 1446 758 1504 ut
781 1458 878 1521 aqua.

269 1578 272 1583 ·
301 1557 395 1636 Quae
408 1559 523 1622 omnia
541 1557 570 1621 si
592 1558 639 1621 ita
655 1558 815 1640 disposita
831 1558 969 1634 luerint,
984 1528 1215 1643 quodcumque
1231 1566 1350 1630 mobile

210 1694 312 1760 supra
334 1677 468 1759 planum
492 1677 634 1741 orizonti
650 1678 876 1759 aequidistans
899 1696 919 1742 a
942 1679 1082 1743 minima
1101 1681 1134 1745 vi
1152 1683 1350 1758 movebitur,

210 1798 278 1861 imo
300 1801 334 1860 et
356 1813 376 1858 a
395 1797 429 1860 vi
454 1796 574 1860 minori
597 1813 699 1874 quam
721 1799 859 1878 quaevis
883 1797 950 1862 alia
968 1798 1034 1871 vis3
1053 1803 1086 1861 et
1104 1797 1181 1874 lnce,
1199 1799 1279 1880 quia
1299 1804 1351 1864 vi·

210 1915 308 1978 detur
329 1913 410 1977 satis
433 1913 562 1978 creditu
586 1912 733 1990 difficile,
755 1914 1038 1979 demonstrabitur
1059 1915 1122 1980 lrac
1141 1915 1350 1981 demonstra·

214 2032 311 2096 tione.
334 2031 384 2097 Sit
397 2031 508 2112 itaque
533 2028 704 2117 (adhibita
727 2032 935 2112 praecedenti
951 2030 1093 2119 ligura),
1108 2034 1232 2110 virtus,
1254 2033 1350 2114 cutus

209 2155 372 2215 centrum*
386 2154 427 2225 Α,
448 2156 484 2214 et
505 2150 591 2215 libra
613 2151 669 2218 Cl)
691 2150 823 2216 mobilis
845 2168 944 2233 supra
967 2158 1082 2216 centro
1100 2157 1144 2227 Α,
1161 2157 1194 2216 et
1210 2152 1349 2217 orizonti

206 2269 457 2350 aequidistans;
480 2288 501 2333 a
523 2276 637 2335 centro
661 2288 740 2337 vero
763 2274 792 2334 a
810 2271 912 2335 ducta
931 2272 974 2335 sit
993 2270 1273 2352 perpendicularis
1296 2272 1351 2336 AB

207 2386 252 2452 ad
276 2387 392 2452 mundi
411 2392 566 2454 centrum
583 2387 730 2465 tendens,
750 2394 783 2452 et
797 2407 839 2454 ex
856 2389 1023 2471 punctoll
1046 2389 1249 2470 imaginetur
1270 2405 1351 2472 pen·

203 2506 288 2570 ‚dens
311 2507 544 2587 quodcumque
566 2507 710 2587 pondus:
729 2507 942 2572 manifestum
966 2507 1097 2588 estjam
1112 2506 1202 2588 qnod
1223 2505 1351 2587 pendam

208 2623 245 2685 in
268 2623 310 2696 B,
331 2624 414 2689 dum
436 2630 591 2690 movetur
612 2641 730 2690 versus
745 2625 789 2700 Ι),
804 2624 992 2689 necessario
1014 2624 1173 2689 ascendit.
1188 2624 1270 2689 llice
1287 2625 1352 2705 igi-

212 2745 266 2804 tur
281 2753 522 2823 quamcumque
538 2744 607 2806 vim
624 2749 747 2825 puncto
762 2743 786 2809 C
801 2743 993 2823 impositam
1011 2759 1105 2823 posse
1120 2757 1253 2807 movere
1267 2758 1349 2821 pon-

211 2855 275 2921 dus
298 2858 332 2920 in
354 2861 398 2935 B,
411 2865 451 2937 ,et
477 2862 667 2925 necessario
693 2877 838 2925 movere.
864 2858 1074 2943 lntelliqatnr
1095 2860 1184 2924 enirn
1211 2859 1347 2940 aliquod

209 2976 349 3056 pondiu,
370 2980 584 3059 quantumvis
607 2996 760 3061 parvum,
776 2996 818 3042 cx
834 2984 955 3061 puncto
970 2978 997 3045 C
1015 2978 1174 3060 pendens,
1201 2982 1235 3040 et
1262 2977 1348 3040 sicut

210 3095 338 3176 pondus
359 3074 397 3161 iu
419 3099 445 3164 B
467 3098 512 3163 ad
535 3099 662 3180 pondnm
687 3099 720 3162 in
736 3098 778 3174 C,
793 3100 840 3162 ita
856 3097 915 3163 liat
931 3099 1018 3162 linea
1037 3098 1094 3164 CA
1113 3097 1159 3162 ad
1172 3096 1278 3159 aliam
1293 3095 1349 3159 cui

208 3215 357 3294 aequalis
371 3221 515 3296 ponatur
531 3216 601 3280 nx.
624 3216 658 3282 Si
674 3218 786 3297 itaque
806 3217 831 3280 B
856 3216 996 3297 pendeat
1011 3234 1052 3279 ex
1069 3222 1192 3296 puncto
1209 3213 1253 3290 ll,
1270 3218 1349 3277 tunc

208 3334 507 3415 aequoponderabit
525 3354 604 3400 cum
621 3335 763 3417 pondere
784 3336 819 3398 in
843 3337 891 3409 C,
914 3354 975 3399 nec
994 3337 1078 3399 aiter
1093 3336 1136 3398 ab
1153 3334 1258 3397 altero
1278 3350 1350 3403 πιο-

209 3452 426 3528 relationum
442 3453 537 3517 lance
554 3454 790 3518 inclinabitur:
807 3460 841 3516 at
858 3454 986 3535 pondus
1002 3455 1036 3516 in
1052 3454 1078 3517 B
1094 3469 1134 3515 ex
1152 3454 1180 3514 Α
1205 3451 1348 3532 pendeas

208 3568 317 3634 levius
339 3575 513 3650 estquam
537 3573 681 3654 pendam
703 3591 744 3636 cx
769 3573 811 3646 Χ,
832 3573 910 3653 quia
940 3588 1006 3635 non
1030 3570 1140 3634 solum
1163 3575 1277 3632 centro
1299 3572 1348 3630 est

208 3688 631 3771 propinquiuaappensum‚
645 3708 764 3755 verum
777 3708 820 3753 ex
835 3691 907 3772 ipso
922 3693 1037 3752 centro
1049 3687 1204 3769 pendens,
1215 3700 1348 3749 necesse

207 3810 257 3867 est
279 3809 318 3868 ut
340 3807 467 3886 pondus
490 3807 524 3870 in
547 3809 573 3872 lt
598 3808 739 3888 pendens
762 3824 803 3870 ex
820 3811 899 3878 d,a
923 3804 1064 3886 pondere
1088 3821 1130 3867 ex
1152 3804 1178 3870 G
1202 3801 1345 3884 pendeus

207 3929 406 4000 moveatur,
433 3930 467 3988 et
493 3926 609 3990 lancea
642 3926 822 3990 inclinetur
855 3942 896 3988 ex
932 3928 1024 4006 parte
1051 3923 1100 3998 G,
1123 3930 1156 3986 ct
1180 3924 1346 3987 Rusceo

210 4037 289 4102 dat:
324 4057 406 4125 erqo
439 4044 468 4107 si
498 4063 517 4106 a
551 4060 761 4125 quacumque
784 4044 818 4106 vi
841 4043 1074 4123 quodcumque
1104 4039 1231 4121 pondus
1258 4038 1344 4103 iult

209 4157 342 4232 nedum,
355 4143 525 4236 movetur,
551 4161 792 4226 verumetiam
823 4161 1010 4237 attollitur,
1036 4161 1126 4242 quud
1153 4160 1276 4224 mirum
1299 4165 1348 4222 cst

209 4280 246 4338 ut
270 4276 356 4342 idem
382 4279 509 4360 pondus
534 4281 559 4344 B
583 4282 625 4344 ab
648 4279 763 4343 eadem
792 4280 842 4344 sel
862 4281 980 4345 minori
1005 4281 1039 4344 vi
1058 4279 1215 4360 quamsit
1239 4279 1290 4342 vis
1313 4278 1346 4340 in

208 4392 255 4468 C,
293 4397 326 4459 in
362 4398 460 4479 plano
485 4416 549 4462 non
575 4399 770 4464 ascendente
795 4399 988 4464 moveatur?
1023 4398 1197 4479 Amplius,
1228 4393 1349 4463 mobile
