3120 5168
406 617 701 709 PRAEFATIO
732 615 809 706 ΔΙ)
842 618 1148 715 LECTOREM

510 945 565 1000 ”ll
629 951 931 985 w·-

282 1629 398 1686 bonum
425 1631 519 1699 iprum
542 1646 580 1687 cc
598 1645 652 1688 nua
669 1637 779 1688 natura
796 1630 1029 1689 communicabile
1047 1647 1121 1699 eene,
1149 1632 1343 1705 neminemque

211 1738 270 1779 ncn
286 1723 343 1779 eibi
359 1723 416 1790 ipci
429 1726 542 1788 notum,
553 1723 620 1792 jam
636 1723 748 1780 tutum
760 1730 856 1789 antea,
867 1725 900 1779 ni
916 1723 1013 1790 satur.
1033 1723 1185 1780 inemeriae
1195 1725 1344 1794 proditum

211 1818 265 1879 eet,
283 1799 334 1869 icc
351 1818 449 1868 autem
466 1813 535 1868 aleo
553 1820 663 1870 certum
681 1829 738 1871 ecee
757 1814 883 1886 upimun
900 1822 933 1873 ut
950 1815 1084 1873 naturali
1101 1821 1216 1873 tantum
1237 1816 1344 1874 iumine

210 1903 438 1974 philosophantes
455 1908 546 1962 eoacti
562 1907 621 1961 eint
638 1907 742 1974 dicere,
760 1905 853 1964 Deum
870 1908 973 1979 ubique
990 1909 1115 1978 diffundi
1129 1922 1188 1963 ncn
1202 1907 1263 1964 alia
1274 1922 1344 1966 eune

212 1996 335 2061 milone,
345 1997 402 2051 niei
418 1998 488 2066 poia
507 1996 612 2052 bonum
629 1997 719 2054 latiue
733 2004 814 2068 patet
825 2014 914 2070 cuam
925 2002 998 2065 cita,
1015 2000 1085 2071 puio
1100 1998 1234 2070 pluribue
1249 2014 1345 2057 conce-

211 2087 272 2152 nit,
289 2088 379 2155 mapu
393 2101 503 2157 quoque
520 2089 714 2144 neceeearium
727 2094 789 2152 ent:
804 2089 919 2147 eublata
936 2091 1014 2146 enim
1031 2091 1111 2156 cita,
1129 2095 1250 2149 cureret
1262 2105 1344 2147 mun

210 2177 266 2234 ‹lue
284 2180 408 2243 moneri:
427 2178 540 2234 eubiata
557 2186 655 2236 autem
672 2180 819 2246 bonc,eeee
835 2183 984 2239 detineret.
994 2180 1059 2238 Non
1074 2180 1246 2239 cumeorum
1258 2181 1348 2239 iidem

216 2272 327 2327 nmini
343 2271 490 2342 publicam
507 2272 662 2329 utilitatem
678 2288 731 2329 euc
748 2275 892 2330 commola
905 2274 1083 2345 praeferenti
1099 2275 1132 2330 in
1148 2275 1203 2333 buc
1217 2274 1278 2331 cita
1293 2274 1345 2329 im

214 2361 404 2420 nominans
422 2376 534 2428 nomen,
551 2364 583 2418 in
601 2363 705 2430 sutura
721 2369 819 2421 autem
837 2365 1019 2422 beatitudinie
1034 2365 1197 2435 praemium
1204 2362 1343 2436 polliceri.

215 2452 339 2512 Latinae
356 2456 434 2511 enim
452 2454 566 2525 linquae
580 2469 687 2525 parone
707 2454 803 2513 Cicero
819 2462 924 2522 notter,
944 2456 992 2513 lib.
1011 2455 1040 2512 6.
1063 2455 1189 2528 mepte..
1205 2461 1240 2513 ut
1264 2455 1344 2512 nobie

217 2546 427 2602 lemonetraret
451 2546 554 2617 quanti
569 2547 609 2602 eit
625 2544 756 2611 iaciente
771 2545 886 2616 publica
903 2546 1034 2613 utititce,
1061 2560 1152 2603 aureo
1179 2545 1232 2601 illa
1258 2544 1345 2602 cerba

212 2636 350 2709 protulit:
362 2656 377 2690 ι
394 2634 457 2704 Quo
469 2639 509 2693 eie
521 2635 668 2704 Airieane,
679 2638 786 2708 lnquit,
798 2620 927 2693 alacrior
937 2637 976 2694 ab
987 2637 1138 2694 tutandum
1156 2633 1288 2705 Rempub.
1299 2635 1341 2691 eie

214 2751 232 2787 n
250 2731 369 2788 babetc:
390 2729 593 2801 Omnibusqui
601 2731 733 2801 patriam
744 2730 986 2796 conservaverint,
1002 2727 1179 2808 adiecerint,
1190 2726 1342 2789 eucerint.

217 2844 233 2877 ι
252 2829 363 2879 certum
379 2825 485 2879 cuein
509 2821 591 2879 emto
617 2823 767 2891 definitam
785 2821 897 2888 mcum,
918 2821 969 2879 ubi
988 2820 1061 2880 beati
1077 2835 1148 2879 acco
1172 2819 1345 2893 compitum

220 2938 237 2970 o
255 2915 561 2983 [manturnblirari
579 2916 675 2985 ieapue
693 2910 1345 2984 ncnparumnubjit,puitat,uteuneinter

209 3022 309 3062 omnes
327 3007 454 3062 mminee
471 3005 506 3061 ob
523 3007 574 3061 nce
591 3007 697 3076 ipeum,
714 3005 790 3076 quoe
801 3006 928 3061 nominee
944 3009 1024 3070 eunt,
1049 3001 1222 3063 intercedere
1248 3001 1345 3058 ecbeoe
1404 3067 1406 3070 v

213 3105 318 3155 mutua
336 3097 536 3163 conculcatio,
554 3110 605 3154 nee
622 3098 700 3152 enim
716 3111 736 3151 a
753 3102 863 3153 nature
880 3097 971 3153 creati
986 3110 1096 3158 unm,
1111 3100 1145 3150 ut
1156 3092 1238 3151 nobie
1250 3092 1344 3151 tolum

209 3193 368 3262 noctemque
383 3191 564 3261 propinoaie,
581 3203 683 3247 oerum
700 3191 788 3246 etiam
804 3188 884 3254 aliie,
899 3188 927 3244 ei
941 3186 1073 3259 poecibib
1090 3191 1141 3254 eet,
1158 3185 1343 3245 emolumenta

210 3285 322 3344 cimus:
340 3283 395 3337 iac
413 3287 509 3338 tamen
526 3285 626 3337 acetra
644 3284 806 3350 tempeetate
824 3293 912 3350 quam
926 3276 1050 3348 plurimi
1068 3278 1272 3347 reperiuntur,
1291 3277 1342 3346 pui

209 3376 343 3443 propriae
360 3374 486 3431 utilitati
502 3375 626 3431 nimium
644 3374 841 3437 ineercientee,
858 3371 953 3428 melia
968 3386 1020 3442 per
1037 3385 1110 3441 puae
1128 3370 1251 3434 mntem,
1268 3367 1343 3438 quod

209 3466 325 3536 quidem
342 3467 373 3520 in
392 3467 445 3521 iac
463 3467 524 3522 vita
542 3468 575 3520 in
591 3464 826 3535 contemplation
844 3466 957 3523 certari
975 3462 1074 3520 nutiue
1088 3468 1130 3519 eet
1143 3462 1194 3532 pul
1206 3460 1340 3531 amiitat.

208 3556 289 3612 nobie
307 3557 473 3624 incidenter,
492 3574 552 3614 non
566 3559 660 3616 colum
674 3557 726 3614 iila
738 3563 772 3615 ut
783 3557 915 3615 deberent
927 3557 1126 3628 patefaciunt,
1139 3568 1241 3612 oerum
1255 3556 1343 3611 etiam

208 3650 276 3705 totie
293 3649 405 3705 ciribue
422 3649 565 3708 occultare
582 3656 726 3706 conantur
731 3666 743 3712 ,·
759 3649 835 3720 poce
851 3664 938 3721 auam
965 3655 1038 3706 recte
1063 3649 1133 3716 pat,
1156 3645 1341 3712 maniseetum

208 3745 276 3808 erit,
293 3746 320 3799 ei
336 3742 540 3812 perpenderint
558 3740 640 3805 ilice,
659 3744 709 3811 qui
728 3740 891 3796 literarium
909 3739 1038 3795 stallium
1057 3743 1199 3808 quantum
1223 3744 1344 3807 poeeunt

205 3848 373 3902 promccere
391 3834 524 3896 eludent,
534 3834 584 3887 bac
602 3832 750 3902 priciiepio
765 3832 908 3900 paudere,
927 3838 960 3886 at
971 3832 1003 3884 in
1017 3830 1074 3886 dice
1094 3845 1194 3885 corum
1210 3831 1342 3885 scientiae

206 3923 273 3991 plue
291 3922 448 3991 epicnemie
466 3925 598 3989 accedat,
626 3941 639 3977 e
668 3929 769 3978 contra
788 3937 857 3978 cera
875 3937 933 3978 non
951 3922 1054 3988 ierint,
1071 3924 1121 3992 qui
1139 3922 1341 3992 rempublicam

211 4014 375 4068 literariam
393 4022 530 4078 nmantee,
550 4017 626 4085 quoa
643 4015 680 4069 ob
698 4014 826 4070 acoribue
843 4014 901 4081 soit
919 4014 1105 4079 occultatum,
1122 4013 1278 4085 patefacere
1295 4029 1342 4084 ap-

209 4104 388 4170 pretiantur.
412 4104 492 4174 occe
512 4108 538 4160 ei
558 4108 629 4161 niibi
648 4108 797 4170 accideret,
815 4106 884 4161 dum
906 4106 1046 4173 fabricam
1075 4120 1211 4174 utumque
1232 4106 1341 4162 circini

209 4196 403 4263 proportionis
423 4198 557 4253 hactenus
574 4200 645 4253 eatic
663 4198 797 4254 occultati
825 4198 946 4260 molior,
976 4198 1106 4253 baberem
1132 4211 1200 4251 cane
1226 4198 1258 4252 de
1286 4213 1341 4271 quo

210 4284 362 4352 ploriarer.
382 4292 421 4342 eet
439 4289 515 4342 enim
534 4291 681 4343 incentum
694 4289 847 4357 eprepium,
859 4291 934 4360 qood
949 4289 1060 4359 quidem
1073 4287 1214 4343 occuitum
1225 4300 1339 4342 ceroarc

211 4381 253 4429 eet
281 4387 337 4428 non
363 4392 467 4445 parurn
486 4378 678 4435 etudioeorom
699 4380 828 4434 omnium
847 4379 991 4450 publicam
1009 4377 1163 4435 utilitatem
1181 4376 1338 4434 retardare.
1399 4406 1402 4411 ·
