3120 5168
206 309 247 378 3d
522 318 687 369 sunnonss
712 317 753 363 ou
778 317 860 364 nors
885 316 1024 366 unsrun

203 459 302 525 luerit
329 459 483 522 resistens
507 449 654 532 gravitas
677 464 778 529 quam
813 449 863 511 vis
897 448 1090 532 impellens,
1118 455 1195 514 tune
1219 449 1353 515 mobile

202 596 266 641 nou
289 575 432 655 amplius
448 568 573 632 moveri
591 571 682 629 motu
699 567 859 643 violento,
882 567 939 631 sed
953 568 995 630 ad
1010 568 1194 632 naturalem
1211 583 1248 631 se
1261 585 1356 634 ouu-

200 698 348 757 vertere:
372 705 413 750 ex
436 702 501 767 quo
524 689 635 765 aperte
658 685 815 766 sequitur,
839 687 918 749 dnm
941 702 1061 767 eorpus
1080 686 1240 767 quiescit,
1263 691 1354 752 tuuc

199 808 365 892 propriam
399 803 598 886 gravimtem
635 805 768 883 aequari
804 804 921 869 virtuti
956 779 1159 886 impellenti;
1191 806 1219 868 si
1253 805 1352 870 euim

200 927 306 1008 major
328 926 413 986 esset
430 921 592 1004 gravitas,
609 924 688 984 tune
704 938 826 1002 eorpus
844 921 1077 998 descenderem
1096 925 1218 988 sivero
1237 924 1353 1006 nudor

201 1048 287 1108 esset
301 1042 353 1106 vis
376 1039 561 1122 impellens,
584 1045 663 1103 tuoe
678 1056 798 1122 eorpus
814 1046 906 1105 motu
925 1041 1071 1105 violento
1084 1048 1287 1106 movereturt
1302 1058 1361 1106 ox⁴

201 1177 267 1242 quo
290 1155 501 1222 manilestum
517 1161 576 1228 ost,
593 1156 722 1221 tamdiu
734 1157 856 1222 mobile
870 1159 1039 1239 qulesoere
1053 1157 1212 1241 quamdiu
1234 1165 1354 1223 mauet

202 1276 384 1360 aequalitas
407 1276 493 1340 luter
517 1276 716 1358 gravitatem
741 1277 946 1341 resistentem
973 1283 1005 1342 et
1040 1278 1198 1343 virtutem
1226 1277 1354 1360 lmpel-

200 1398 332 1460 lentem.
351 1392 572 1475 Supponatur,
585 1398 715 1473 quarto,
734 1392 823 1458 idem
841 1411 960 1476 eorpus
975 1412 1077 1478 grave
1092 1396 1135 1459 ab
1150 1394 1351 1476 aequalibus
1378 1434 1380 1439 -

200 1513 382 1577 virtutibus
405 1527 460 1590 per
482 1511 633 1591 aequalia
658 1512 813 1592 temporis
836 1513 943 1593 spatia
966 1513 1156 1578 substinsri.
1180 1512 1212 1578 Sl
1230 1513 1350 1594 itaque

201 1633 235 1695 in
258 1636 351 1695 motu
375 1628 430 1693 ΑΒ
453 1629 614 1710 assignari
639 1646 704 1692 nou
734 1637 870 1711 possunt
902 1631 969 1694 duo
1003 1632 1196 1713 punctulo
1217 1631 1344 1712 quibus

200 1748 349 1832 aequalis
371 1745 470 1811 luerit
494 1744 601 1808 virtus
623 1747 802 1828 impellens.
827 1753 915 1829 patet
938 1749 1027 1829 quod
1048 1766 1110 1814 noo
1133 1750 1348 1830 intempore,

200 1870 323 1949 inquo
346 1865 383 1929 lit
408 1863 483 1928 talis
507 1866 627 1934 motus,
650 1870 803 1945 poterunt
825 1867 989 1948 assignari
1012 1867 1080 1930 duo
1109 1871 1275 1931 momenta
1310 1867 1348 1932 iu

199 1985 320 2065 qulbus
342 1978 491 2061 aequalis
514 1975 613 2040 luerit
635 1980 742 2043 virtus
759 1980 938 2061 impellens.
956 1981 1015 2046 ills
1030 1981 1145 2063 posltls
1160 1986 1193 2045 et
1207 1981 1350 2046 deuou-

200 2098 324 2170 stratis,
346 2096 496 2175 sequitur
529 2098 771 2167 ueoessartoln
795 2104 917 2180 puncto
950 2098 1139 2164 reuexloais
1172 2116 1238 2164 nou
1269 2099 1348 2164 dari
1393 2117 1402 2133 ⁵

200 2217 367 2298 quietem
390 2229 533 2294 namque
568 2215 595 2277 sl
632 2216 731 2279 datur
764 2218 872 2298 quies,
905 2235 992 2300 quae
1024 2219 1157 2300 aliquod
1190 2219 1350 2299 temporis

199 2335 345 2415 spatium
369 2331 475 2406 duret,
511 2332 645 2395 dabitur
680 2334 780 2397 etiam
814 2336 997 2416 aequalitas
1029 2338 1114 2401 inter
1147 2336 1349 2420 gravitatem

202 2450 333 2517 mobilis
354 2456 388 2514 et
410 2450 569 2513 virtutem
593 2450 815 2531 impellentem
839 2470 896 2534 per
919 2453 1052 2536 aliquod
1079 2455 1225 2537 spatium
1259 2458 1350 2517 tern-

200 2571 290 2654 poris
308 2542 456 2632 durans.
479 2571 523 2632 At
544 2570 806 2634 demonstratum
833 2577 897 2644 ost,
933 2572 1091 2637 virtutem
1119 2572 1347 2655 impellentem

200 2704 330 2768 semper
350 2691 383 2747 et
406 2688 591 2751 successivo
614 2688 759 2761 remittl;
784 2690 985 2770 impossibile
1017 2697 1067 2755 est
1100 2707 1179 2774 erqo
1214 2696 1250 2755 ut
1283 2707 1344 2771 per

200 2804 335 2887 aliquod
367 2804 521 2883 temporls
548 2807 692 2886 spatium
720 2807 870 2870 instato
902 2808 1113 2889 aequalitatis
1136 2809 1244 2872 virtus
1266 2824 1346 2872 oum

201 2922 366 3006 gravitate
385 2921 514 2984 mobilis
538 2928 692 2995 maneat;
715 2929 747 2986 et
769 2926 811 2988 ob
833 2926 866 2989 id
890 2926 1093 3007 impossibile
1116 2931 1165 2988 est
1201 2931 1238 2987 ut
1273 2940 1347 2988 mo·

200 3043 264 3107 bile
287 3056 345 3120 per
367 3038 500 3117 aliquod
523 3040 665 3117 spatium
690 3041 844 3120 temporis
867 3044 1024 3121 quiescat.
1050 3043 1118 3105 lloc
1143 3048 1254 3105 aulem
1275 3043 1347 3106 ola·

199 3161 269 3223 rius
292 3175 334 3219 ex
347 3156 410 3218 ista
421 3154 701 3218 demonstratione
719 3159 899 3235 apparebit,
918 3159 1083 3239 descripta
1098 3162 1214 3224 eadem
1234 3161 1344 3244 ligura

198 3294 283 3360 quae
306 3292 416 3356 supra.
442 3271 548 3346 Nam,
571 3273 597 3334 si
621 3273 754 3353 quando
778 3275 896 3338 mobile
919 3282 968 3337 est
992 3277 1025 3339 iu
1048 3276 1095 3351 lt,
1120 3295 1176 3358 per
1211 3281 1345 3361 aliquod

201 3398 356 3477 temporis
378 3392 521 3473 spatium
546 3392 696 3471 quiescit,
715 3391 757 3454 sit
772 3392 837 3455 tale
853 3398 980 3475 tempus
994 3394 1093 3477 sulus
1108 3404 1257 3461 extrema
1275 3416 1347 3463 mo·

201 3520 310 3577 meula
334 3512 399 3573 sint
422 3509 490 3575 db:
522 3508 549 3570 si
574 3525 652 3591 ergo
677 3509 797 3573 mobile
820 3510 959 3590 quiescit
991 3520 1118 3596 tempus
1155 3514 1231 3591 cb,
1266 3531 1347 3599 erqo

200 3634 304 3697 virtus
327 3629 497 3711 impellens
520 3627 666 3707 aequalis
701 3635 750 3690 est
785 3629 941 3710 gravitati
977 3633 1106 3697 mobilis
1143 3651 1198 3714 per
1234 3639 1343 3699 totum

199 3755 328 3828 tempus
350 3746 415 3813 CI).
443 3743 505 3809 Sed
528 3745 676 3826 gravitas
707 3746 838 3809 mobilis
867 3762 993 3828 semper
1015 3757 1065 3813 est
1088 3751 1227 3824 eadem,
1263 3768 1344 3833 ergo

200 3868 306 3930 virtus
328 3866 361 3928 ia
386 3872 552 3928 momento
586 3864 611 3931 C
634 3870 685 3927 est
713 3865 858 3945 aequalis
893 3866 1009 3930 virtuti
1034 3870 1069 3930 in
1092 3870 1141 3942 Ι);
1166 3886 1245 3952 erqo
1272 3887 1345 3932 mo·

199 3983 265 4046 bile
295 4000 352 4064 per
382 3981 534 4063 aequalia
570 3982 725 4062 temporls
757 3983 864 4062 spatia
893 4000 913 4046 a
947 3985 1127 4049 virtutibus
1151 3987 1344 4068 aequalibus

199 4100 450 4164 substinebltur.
478 4097 540 4162 Sed
568 4097 675 4161 virtus
711 4099 745 4161 in
781 4109 948 4165 momento
976 4100 1001 4164 C
1026 4100 1186 4164 substinet
1210 4121 1267 4182 per
1288 4100 1343 4166 Cb

198 4218 344 4297 spatium
373 4217 552 4299 temporis,
575 4234 653 4297 ergo
678 4218 784 4282 virtus
818 4219 853 4281 in
883 4221 1051 4285 momento
1085 4218 1112 4280 u
1145 4219 1341 4283 substinebit

201 4336 286 4400 idem
320 4355 439 4418 corpus
476 4356 531 4418 per·
570 4338 712 4419 spatium
755 4340 911 4420 temporis
958 4336 1094 4417 aequale
1133 4341 1240 4421 spatio
1277 4339 1341 4405 db.
