3120 5168
214 310 257 375 26
527 321 692 370 sannonns.
711 319 752 364 ns
776 320 859 367 uoau
883 319 1022 367 uantum

292 460 342 524 iix
362 457 543 518 bisantem
565 466 651 529 quae
673 448 897 514 demonstrata
919 454 996 514 sunt
1019 449 1100 514 satis
1123 446 1347 530 perspiouum

204 583 264 649 est,
286 572 409 637 solidas
430 562 676 650 magnitudines
698 580 785 649 aqua
808 568 977 649 graviores
1002 566 1159 632 deorsum
1190 563 1272 630 torri
1312 566 1346 630 si

204 695 237 756 in
253 707 339 771 aqua
354 685 592 758 demittantur;
611 685 672 748 nisi
693 686 781 749 enim
798 685 945 748 terantur
960 685 1127 760 deorsum,
1141 689 1201 748 aut
1217 699 1347 749 aarum

198 809 309 888 aliqua
332 821 407 886 pars
432 803 573 877 extabit,
599 808 658 866 aut
679 804 742 867 sub
769 818 856 883 aqua
877 802 1081 876 manebunt,
1113 817 1174 866 nee
1199 811 1345 866 sursum

202 928 260 988 aut
283 921 437 987 dnomum
461 920 627 993 tarentum
654 927 689 983 at
711 937 827 984 aarum
849 918 942 984 nulia
964 935 1042 1001 pars
1062 917 1200 994 extabit.
1226 925 1344 984 υκαι

201 1044 302 1118 enim,
325 1042 372 1105 uti
397 1042 659 1106 demonstratum
674 1044 735 1114 est,
753 1055 840 1120 aqua
854 1039 1007 1114 leviores,
1024 1049 1084 1102 nee
1104 1037 1138 1103 in
1155 1053 1243 1118 aqua
1260 1048 1344 1100 una·

202 1162 336 1234 nebunt,
358 1163 436 1240 quia
457 1163 566 1223 assent
587 1175 692 1239 aeque
711 1170 829 1238 graves
847 1173 886 1221 ae
905 1171 1013 1237 aquas
1033 1161 1136 1220 restat
1150 1171 1230 1238 ergo
1245 1155 1344 1236 quod

205 1277 359 1342 deorsum
378 1275 534 1341 tenantur.

290 1395 385 1461 Nunc
423 1402 535 1458 autem
574 1399 699 1474 quantu
736 1394 767 1458 vi
807 1393 961 1457 deorsum
996 1392 1144 1457 serantur
1179 1389 1345 1456 ostenda-

207 1533 291 1578 mus.

289 1633 371 1699 Dico
402 1634 527 1716 igitur,
549 1630 671 1695 sotidas
694 1630 940 1712 magnitudines
973 1647 1061 1711 agua
1095 1629 1266 1712 gratiosus
1302 1629 1343 1693 in

200 1770 320 1835 aquam
343 1752 503 1817 demissas
522 1749 598 1813 iorni
616 1748 771 1813 deorsum
782 1754 874 1812 tanta
891 1749 937 1823 vi,
954 1753 1080 1828 quanto
1097 1761 1197 1828 aqua,
1210 1744 1339 1810 molum

202 1870 328 1938 hahens
350 1870 428 1935 moti
452 1869 556 1949 ipsius
577 1866 817 1948 magnitudinis
844 1865 1045 1948 aequatem,
1066 1865 1170 1930 iuvius
1191 1868 1242 1927 est
1264 1863 1341 1944 ipsa

202 1986 441 2069 magnitudine.
453 1984 627 2065 Sititaqus
637 1984 765 2065 unimus
775 1999 881 2064 aquae
891 1987 998 2047 status
1010 1975 1340 2063 supatdniesltddsstz

201 2101 396 2185 magnitudo
417 2105 529 2164 autem
543 2099 650 2165 solida
664 2100 733 2174 BL,
749 2117 837 2182 aqua
852 2100 998 2183 gravior,
1019 2098 1054 2162 in
1077 2110 1200 2178 aquam
1214 2095 1339 2161 demit·

201 2224 301 2293 tatur,
319 2224 352 2282 et
373 2217 546 2283 attollatur
568 2231 654 2298 aqua
676 2219 721 2283 ad
742 2217 950 2299 superdeiem
969 2217 1035 2281 AB.
1054 2215 1106 2281 Sit
1120 2217 1233 2278 nutem
1248 2227 1340 2293 aqua

202 2336 270 2411 ΑΕ,
293 2353 379 2417 quaa
402 2336 522 2401 motem
538 2335 642 2416 ipsius
661 2335 900 2417 magnitudinis
915 2333 994 2398 moti
1011 2331 1184 2414 aequalem
1201 2329 1338 2405 habaut3

199 2458 232 2516 et
254 2453 334 2534 quia
355 2451 679 2534 solida-magnitudo
702 2451 835 2534 ponitur
857 2466 943 2530 aqua
967 2450 1124 2533 gravior,
1144 2446 1209 2512 erit
1229 2460 1340 2527 aquae

201 2566 258 2631 ΑΕ
283 2566 430 2649 gravitas
453 2568 561 2632 minor
579 2567 744 2650 grauitate
759 2564 884 2631 solidae
901 2564 1112 2647 magnitudis.
1128 2560 1340 2644 intelligatur

202 2686 313 2766 itaque
336 2683 438 2747 motos
462 2701 567 2765 aquae
590 2683 664 2755 ΑΟ.
686 2701 772 2764 quae
794 2682 966 2764 aequatem
989 2681 1111 2747 habeut
1133 2680 1337 2763 gravitatem

201 2800 358 2881 gravitati
381 2800 449 2873 BL;
471 2808 503 2865 et
526 2803 605 2883 quia
627 2820 714 2885 aqua
736 2801 794 2868 ΑΕ
818 2802 923 2867 levior
944 2807 995 2866 est
1017 2798 1076 2866 ΑΟ
1096 2803 1260 2881 qnantum
1281 2802 1334 2860 est

198 2919 346 3001 gravitas
369 2917 437 2993 00,
459 2918 750 2987 demonstrandum
766 2928 825 2996 est,
841 2919 1104 3005 magnitudinem
1119 2917 1259 2984 solidam
1279 2915 1335 2980 BL

200 3038 353 3101 deorsum
388 3036 464 3100 terri
500 3043 591 3099 tanta
626 3038 675 3111 vi,
714 3046 838 3119 quanta
871 3045 921 3103 est
955 3037 1102 3119 gravitas
1136 3053 1242 3118 aquae
1264 3033 1336 3100 ΒΟ.

200 3154 404 3235 intelligatur
440 3153 544 3217 altana
578 3153 682 3218 solida
717 3155 911 3237 magnitudo
945 3172 1032 3235 aqua
1070 3154 1176 3220 levior
1203 3155 1333 3235 primae

197 3271 388 3353 conjuncta,
410 3270 506 3334 euius
528 3270 661 3350 quidem
684 3271 786 3335 mutes
809 3272 853 3336 sit
875 3269 934 3337 ΑΟ
949 3289 1055 3352 aquae
1071 3273 1149 3337 moii
1167 3270 1335 3353 aequalis,

200 3389 347 3469 gravitas
369 3395 481 3453 autem
504 3390 575 3453 eius
599 3390 641 3453 sit
664 3390 811 3471 aequalis
835 3391 992 3472 gravitati
1015 3403 1121 3472 aquae
1140 3391 1208 3462 ΑΕ,
1227 3390 1336 3470 sitque

201 3506 290 3570 dieta
313 3507 508 3588 magnitudo
531 3508 608 3572 LM:
631 3512 664 3570 et
686 3509 765 3590 quia
788 3507 890 3573 modes
913 3508 965 3573 BL
988 3515 1150 3590 aequatur
1166 3508 1245 3572 moti
1263 3505 1335 3582 ΑΕ,

199 3623 300 3690 moles
324 3630 434 3688 autem
458 3625 520 3690 LM
543 3631 705 3706 aequatur
729 3625 806 3690 moli
830 3623 909 3691 n0:
933 3643 1012 3710 ergo
1039 3627 1141 3691 moles
1168 3624 1333 3707 composi·

199 3749 307 3806 turum
330 3743 598 3826 magnitudinum
623 3744 695 3818 BL.
730 3744 792 3809 [Μ
821 3752 983 3826 aequatur
1017 3745 1097 3810 moti
1126 3744 1329 3825 compositae

197 3876 303 3939 aquae
325 3859 394 3933 ΕΑ,
417 3858 485 3925 ΑΟ.
509 3861 571 3925 Sed
591 3863 738 3943 gravitas
757 3864 995 3945 magnitudinis
1011 3880 1117 3944 aquae
1133 3863 1190 3927 ΑΕ
1207 3877 1331 3941 aequa·

198 3983 251 4040 tur
275 3978 432 4058 gravitati
457 3980 693 4059 magnitudinis
728 3979 811 4054 LM;
835 3983 982 4063 gravitas
1006 3986 1117 4046 autem
1141 3997 1247 4062 aquae
1273 3977 1333 4043 ΑΟ

199 4100 361 4175 aequatur
384 4096 541 4176 gravitati
559 4098 798 4178 magnitudinis
813 4099 864 4163 BL
878 4120 887 4173 3
912 4105 979 4163 tota
1000 4117 1078 4181 ergo
1093 4100 1243 4182 gravitas
1257 4114 1331 4162 am·

271 4359 302 4418 (ι)
321 4357 382 4408 ’ran
402 4358 427 4415 ι,
448 4358 502 4421 mg.
520 4363 542 4408 s.
