3120 5168
527 349 688 398 sardonas
711 350 751 396 na
775 348 858 394 rroru
881 347 1033 395 saturn.
1093 337 1096 344 ‘
1302 336 1346 397 69

220 510 373 566 conrad
394 504 666 564 anrsrornnnu
685 503 906 571 nuonurun,
919 504 955 559 st
967 503 1095 563 noros
1115 504 1334 565 llttlltuttts

289 607 329 664 m
343 604 544 664 rnmmnuu
555 601 726 661 nannum
741 601 1069 668 rossemannum
1083 603 1331 663 ruruumnuu

292 706 396 764 rrum
418 702 668 761 vanouronnu
689 703 735 776 (ι).
1389 710 1392 716 ·

297 865 515 929 Existimavit
537 860 735 928 Aristoteles*
757 858 818 946 (ut
841 860 955 924 videre
977 868 1026 925 est
1052 859 1099 924 l.⁰
1117 861 1208 928 Coeli
1233 867 1256 925 t.
1279 852 1352 947 88)'

207 988 336 1048 motum
348 981 536 1045 naturalem
549 996 615 1043 non
627 979 736 1064 solum
749 996 878 1061 semper
892 979 1072 1043 accelerari
1087 981 1191 1044 donec
1208 980 1251 1045 ad
1271 1000 1348 1064 pm·

210 1089 320 1181 prium
342 1097 455 1161 locum
477 1096 666 1177 pervenerit
701 1096 844 1170 mobile,
869 1113 985 1160 verum
1020 1097 1144 1170 etiam,
1167 1098 1195 1161 si
1220 1097 1349 1164 infinite

135 1225 137 1229 '
210 1221 319 1281 motus
341 1215 533 1280 continuari
557 1219 678 1295 posset,
701 1211 830 1277 intinite
848 1214 948 1277 etiam
965 1221 1102 1277 auctum
1123 1215 1164 1277 iri
1182 1214 1254 1296 ejus
1271 1234 1349 1298 gra-

209 1333 347 1395 vitatem
371 1336 403 1394 et
426 1324 538 1394 motus
560 1330 788 1402 celeritatem
813 1330 859 1392 ita
881 1330 972 1392 enim
996 1330 1112 1395 scribit
1134 1330 1213 1395 dum
1237 1338 1349 1414 osten·

209 1442 286 1511 dere
308 1445 491 1517 contendit.
514 1462 600 1526 quae
624 1452 813 1518 moventur,
836 1444 879 1508 ad
902 1445 1047 1524 aliquem
1063 1446 1174 1511 locum
1190 1447 1348 1512 determi-

209 1571 326 1630 natum
361 1564 462 1641 terri,
485 1584 525 1628 ac
549 1565 577 1628 si
602 1570 712 1638 terra,
735 1565 816 1627 dnm
839 1564 993 1627 deorsum
1018 1572 1194 1641 movetur,
1216 1584 1281 1631 non
1306 1565 1348 1630 ad

208 1685 466 1750 determinatum
490 1685 625 1761 locum,
648 1684 761 1749 sedin
785 1683 955 1748 inlinitum
978 1689 1191 1761 moveretur,
1220 1687 1349 1752 inbuite

210 1805 310 1867 etiam
335 1808 517 1885 augeretur
540 1804 631 1867 illins
656 1780 806 1885 gravitas
823 1808 856 1866 et
879 1803 1049 1867 velocitas.
1066 1803 1154 1868 llaec
1174 1805 1278 1888 igitur
1300 1811 1350 1867 est

210 1920 325 2000 opinio
349 1920 560 1984 Aristotelis:
584 1937 644 1983 nos
667 1926 780 1982 autem
804 1935 890 1998 quae
913 1919 966 1981 bis
984 1937 1025 1983 ex
1044 1919 1208 1984 diametro
1231 1921 1351 1984 adver·

212 2042 329 2101 santur
352 2054 432 2100 vera
453 2054 524 2101 esse
548 2031 859 2107 manifestabimus:
875 2053 1004 2117 nempe,
1020 2053 1126 2118 neque
1144 2032 1275 2118 semper
1289 2055 1352 2100 au·

211 2156 280 2238 geri
306 2155 540 2229 velocitatem,
563 2149 672 2236 neque
695 2155 822 2224 etiam,
845 2155 872 2217 si
896 2171 1027 2236 semper
1049 2161 1240 2238 augeretur,
1263 2150 1295 2219 et
1319 2147 1352 2220 in

211 2272 380 2338 inlinitum
403 2274 537 2337 extendi
574 2279 684 2355 posset
718 2279 829 2338 motus
843 2319 852 2348 ,
867 2288 869 2290 ’
887 2273 1075 2337 necessario
1110 2265 1356 2339 deveniendum

212 2407 286 2454 esse
308 2391 351 2454 ad
375 2389 544 2454 infinitam
570 2391 771 2472 gravitatem
805 2395 838 2451 et
871 2390 1115 2453 instantaneam
1138 2391 1352 2453 celeritatem.

300 2508 399 2587 Quod
422 2509 527 2590 igitur
545 2510 588 2572 ad
605 2509 751 2590 primum
774 2509 905 2581 attinet,
924 2508 1020 2572 tacite
1042 2508 1208 2589 quispiam
1230 2509 1356 2575 inlelli-

214 2644 289 2708 gere
314 2629 433 2708 polerit
455 2645 497 2691 ex
520 2620 682 2709 hisquae
705 2646 805 2709 supra
829 2629 952 2709 scripta
976 2632 1064 2701 sunt,
1083 2617 1234 2708 percepta
1252 2643 1354 2690 causa

216 2743 465 2809 accelerationis
490 2752 599 2810 motus
623 2745 787 2809 naturalis
811 2746 844 2809 in
870 2745 946 2819 line,
968 2762 1031 2808 cur
1053 2744 1187 2809 tandem
1210 2748 1273 2808 isla
1297 2762 1355 2808 ac-

217 2858 377 2923 celeratio
394 2861 542 2927 desinere
558 2864 697 2938 debeat;
714 2880 792 2927 cum
809 2863 897 2925 enim
916 2863 994 2926 ideo
1008 2862 1129 2927 mobile
1152 2861 1357 2926 acceleretur

214 2977 296 3057 qnia
306 2978 416 3042 'virtus
430 2982 599 3044 contraria
611 2982 771 3051 continue
786 2980 979 3055 remittitur,
997 2981 1144 3063 gravitas
1160 2997 1240 3043 vero
1255 2987 1356 3043 natu-

215 3095 295 3159 ralis
310 3097 508 3177 acquiritur,
523 3099 646 3162 rationi
661 3098 796 3180 quidem
812 3095 1152 3162 consentaneum'erit
1169 3102 1206 3160 ut
1222 3097 1356 3160 tandem

215 3218 284 3276 tota
314 3214 423 3278 virtus
452 3217 622 3281 contraria
658 3217 879 3298 dependatur,
909 3216 1138 3296 naturalisque
1167 3219 1358 3293 resumatur

216 3331 378 3410 gravitas,
401 3338 501 3413 atque
523 3333 664 3409 idcirco,
687 3339 814 3397 remota
837 3352 966 3407 causa,
989 3335 1186 3397 acceleratio
1209 3329 1354 3397 desinat:

217 3464 277 3510 nec
302 3455 413 3514 tamen
436 3452 579 3517 dixerim
600 3453 674 3516 ideo
691 3458 797 3517 totam
815 3454 946 3517 absumi
963 3453 1121 3516 virtutem
1139 3447 1356 3526 contrariam,

216 3566 296 3646 quia
320 3566 405 3631 torte
426 3571 625 3634 crediderim
647 3573 872 3635 necessarium
896 3587 977 3644 esse,
1000 3587 1098 3633 omne
1121 3569 1209 3651 quod
1229 3574 1358 3650 semper

216 3684 427 3751 imminuitur
457 3690 589 3754 tandem
618 3689 795 3754 adnihilari
824 3689 902 3773 (boc
930 3689 1018 3752 enim
1043 3689 1267 3752 necessarium
1291 3706 1357 3752 non

217 3819 288 3866 esse
311 3821 378 3867 non
394 3821 448 3868 me
466 3806 561 3880 lutet,
576 3814 614 3871 ut
629 3807 766 3872 interius
780 3805 943 3893 dicetur),
959 3808 1015 3871 sed
1032 3807 1139 3871 solum
1154 3806 1265 3870 dicam
1282 3824 1356 3871 eam

217 3920 349 3984 absumi
374 3921 455 4002 quia
477 3924 682 4005 experientia
708 3925 741 3990 id
764 3925 936 3989 ostendere
965 3925 1059 3989 nobis
1082 3924 1224 3988 videtur.
1247 3924 1359 3988 Primo

219 4036 330 4108 enim,
362 4040 390 4103 si
426 4042 505 4122 quid
529 4061 596 4107 non
620 4021 800 4109 admodum
826 4062 928 4126 grave
950 4061 993 4106 ex
1016 4044 1086 4109 allo
1108 4044 1245 4107 veniens
1267 4043 1358 4123 aspi-

219 4154 356 4231 ciemns,
378 4160 488 4240 qualis
510 4167 596 4226 esset
620 4162 673 4225 vel
697 4163 792 4226 lanae
816 4161 954 4245 globus,
978 4163 1029 4226 vel
1055 4163 1177 4244 pinna,
1201 4162 1252 4224 vel
1276 4160 1357 4241 quid

220 4272 304 4345 tate',
342 4277 528 4345 videbimus
563 4282 691 4345 tardius
719 4282 853 4362 quidem
877 4283 911 4346 in
936 4283 1098 4363 principio
1121 4283 1271 4355 moveri,
1299 4281 1356 4344 sed

293 4418 327 4479 lli
340 4415 419 4470 (lber.
437 4419 501 4472 Cori.
520 4423 576 4474 tlt.
