3120 5168
601 391 712 438 urrann
736 392 962 440 eaueonraurrs.
1172 457 1178 466 ⁹
1282 380 1350 446 ata

218 503 324 559 incidat
337 501 481 574 quantitas
500 500 593 558 tineae
608 497 642 569 B,
656 507 688 556 nt
704 501 751 557 bio
770 501 799 558 in
819 508 862 557 τι.
878 506 922 556 ἵι.
935 501 1056 572 Apurios
1071 503 1165 574 itaque
1180 502 1352 560 instrumen-

216 606 275 655 tum
294 597 385 654 danao
403 595 547 668 quantitas
564 595 659 653 linoae
677 593 701 649 Β
719 594 926 651 accommodari
946 594 1034 664 possit
1052 595 1166 664 punctis
1181 599 1225 650 td.
1241 599 1295 658 oo,
1321 602 1351 652 ot

214 692 332 746 immoto
349 690 538 745 instrumenta
555 687 677 758 aooipias
690 687 854 744 distantiam
874 688 948 743 inter
967 692 1070 758 puuota
1088 690 1132 741 ιιι.
1151 692 1207 753 ιιι,
1228 703 1300 759 quae
1319 690 1352 743 ti·

214 795 287 837 ureae
305 778 327 835 C
346 778 532 851 quantitatem
550 779 699 845 ostendet,
719 778 793 849 qaod
812 778 1008 849 quaerebatur.

205 967 298 1031 Datis
311 968 431 1033 duabus
444 968 534 1031 tineis
548 968 688 1039 tertiam,
704 966 813 1039 tertiae
825 974 989 1049 quartam.
1004 974 1138 1046 quartae
1152 966 1297 1046 quintam
1308 972 1362 1026 etc.

455 1078 624 1140 continuas
645 1077 893 1158 proportionater
917 1074 1109 1137 adinvenire.

669 1252 794 1309 CAPUT
814 1251 895 1306 vlit.

288 1418 342 1476 Por
359 1419 434 1475 bano
452 1418 647 1488 operationem
666 1415 832 1472 taeitiirnam
844 1415 901 1472 orit
912 1416 1057 1471 resolvero
1076 1414 1166 1484 probi.
1178 1417 1206 1481 t,
1221 1430 1301 1485 prop.
1316 1418 1350 1468 12

214 1510 264 1566 tib
283 1509 412 1577 namn
426 1510 450 1564 si
469 1524 593 1580 namque
612 1506 819 1579 propositarum
837 1507 978 1564 tinearum
997 1512 1063 1563 nota
1081 1507 1119 1562 sit
1139 1507 1299 1578 proportio,
1321 1512 1349 1562 ιιι

210 1601 271 1671 jam
289 1614 376 1672 supra
393 1598 540 1656 doouimus
558 1613 619 1669 asp.
634 1612 661 1665 r,
681 1596 842 1668 inquiratur
858 1596 1018 1652 ditiorontia
1036 1596 1111 1653 inter
1126 1596 1217 1653 diotae
1231 1597 1302 1652 daus
1319 1595 1352 1651 ti·

214 1706 304 1761 noas,
333 1696 402 1749 tuno
419 1695 517 1761 oporto
538 1690 731 1746 instro-osto
747 1688 904 1745 sonandum
922 1686 1107 1759 quantitatem
1125 1687 1243 1759 majoris
1259 1687 1352 1744 tineae

211 1782 393 1854 oxetptsntur
409 1782 560 1839 iatorvatta
581 1781 815 1838 differentiarum.
835 1779 883 1848 Βι,
901 1796 926 1836 o.
945 1796 983 1850 q,
1003 1780 1106 1836 dentur
1122 1781 1218 1837 tineae
1235 1781 1262 1836 Α
1280 1788 1309 1837 ot
1327 1781 1350 1836 Β

215 1874 295 1946 (Τιδι
312 1876 371 1944 xi,
389 1874 450 1947 dig.
470 1877 515 1945 47)
533 1876 565 1931 in
584 1874 766 1945 proportione
783 1879 816 1928 ut
832 1877 866 1927 21
895 1873 932 1928 ad
960 1877 1009 1927 28:
1026 1873 1171 1943 aporiatur
1189 1873 1346 1929 sonandam

213 1968 400 2041 quantitatem
411 1968 505 2025 tineas
516 1966 540 2022 Β
553 1967 582 2022 ia
596 1971 641 2034 at,
655 1965 828 2037 immotoque
843 1966 1035 2020 instrumento
1046 1964 1204 2034 arripiatur
1215 1964 1350 2020 distantia

217 2062 412 2131 interpuncta
430 2065 473 2117 34.
494 2064 528 2116 su
548 2075 599 2130 pro
617 2060 694 2114 linea
712 2056 755 2126 C,
774 2058 849 2113 inter
868 2059 972 2128 punota
985 2059 1029 2111 tut.
1046 2059 1081 2111 ts
1099 2072 1152 2127 pro
1168 2055 1244 2113 linos
1259 2056 1296 2117 a.
1321 2061 1349 2111 et

216 2148 259 2202 sin
277 2149 313 2203 do
331 2147 455 2220 reliquis.

272 2333 363 2398 itatis
388 2335 488 2398 tribua
512 2333 613 2408 tineis,
636 2344 785 2417 quartam
806 2336 1069 2419 proportionatam
1093 2337 1295 2415 irruentipare:

682 2530 806 2589 CAPUT
830 2532 883 2587 lx,

287 2693 349 2751 Nou
364 2696 460 2753 differt
477 2695 548 2754 basa
565 2696 691 2767 operatio
712 2711 729 2751 a
753 2694 910 2765 superiori:
928 2695 1088 2765 inquiratur
1105 2694 1347 2765 enimproportia

214 2785 291 2843 iuter
307 2784 446 2845 rainorom
463 2788 570 2845 tineam
589 2793 619 2844 ot
635 2787 779 2851 mediam.
798 2792 827 2847 ot
844 2787 1001 2844 sonandum
1020 2786 1209 2859 quantitatem
1230 2786 1347 2857 majoris

212 2876 308 2935 tineae
322 2880 464 2950 aporiatur
482 2880 704 2940 instrumentum
729 2879 758 2935 iu
781 2879 894 2949 puuotie
912 2879 1024 2937 numeri
1043 2878 1163 2935 minoris
1181 2879 1297 2945 tineos,
1319 2884 1348 2935 et

212 2968 373 3040 exoipiatur
388 2970 520 3027 distantia
538 2971 613 3027 iuter
632 2974 735 3040 puncta
753 2970 864 3026 numeri
883 2970 994 3025 modias
1005 2969 1109 3035 basae,
1123 2984 1180 3039 pra
1190 2969 1348 3040 quantitate

211 3063 333 3129 41441144
341 3062 569 3133 proportionalis.
578 3062 626 3130 Ut,
636 3061 762 3133 exempti
772 3076 867 3129 nausa,
879 3063 909 3118 in
921 3062 1050 3132 proximo
1059 3062 1197 3132 superimi
1205 3032 1348 3133 exemplo,
1430 3088 1432 3092 ι
1489 3080 1492 3085 ·

211 3152 316 3209 dautur
330 3155 389 3211 tras
400 3153 495 3211 douae
506 3153 547 3220 d,
561 3151 599 3222 B,
611 3151 648 3222 Cr
662 3152 821 3225 inquiratur
839 3153 981 3224 proportio
998 3153 1092 3211 tineae
1102 3153 1177 3217 A-ad
1192 3154 1297 3213 tineam
1315 3152 1347 3208 Β.

214 3242 251 3299 Ut
266 3243 412 3314 aperiatur
428 3245 584 3303 seeundum
603 3246 788 3317 quantitatem
807 3245 840 3308 Β,
860 3250 903 3301 5⁰.
922 3250 968 3313 bu,
984 3246 1011 3305 Α
1026 3246 1109 3303 oadet
1123 3247 1153 3301 in
1168 3252 1203 3303 34
1220 3249 1267 3313 tjit
1279 3266 1286 3302 :
1300 3248 1346 3301 ita·

212 3350 269 3405 qao
286 3334 392 3392 airoino
410 3337 504 3407 atiquo
521 3337 643 3409 accipias
660 3338 849 3410 quantitatem
866 3339 960 3395 linoae
978 3339 1011 3407 G,
1032 3338 1237 3409 benopuuetis
1252 3344 1288 3397 uu
1301 3342 1348 3408 ιβ

213 3441 266 3496 por
284 3431 478 3484 transvorsum
496 3429 701 3498 accomodabis,
717 3436 747 3485 ot
758 3432 875 3485 immoto
894 3428 1225 3501 instrumentoaoaipios
1242 3430 1349 3486 distan-

214 3518 282 3573 tiam
302 3517 375 3575 iuter
393 3524 498 3590 puncta
516 3525 559 3576 bt).
579 3525 632 3590 ιιιι,
648 3537 722 3592 quaa
741 3522 859 3578 exbibet
877 3522 982 3578 lineam
1002 3523 1026 3577 E
1046 3526 1177 3594 quartam
1194 3521 1348 3593 proportiu-

211 3610 322 3679 naloam
333 3611 410 3683 qaod
426 3611 498 3668 nibil
510 3613 586 3669 atiud
602 3615 657 3670 erit
669 3630 754 3685 quam
769 3615 913 3671 resolvere
928 3616 1074 3685 problema
1089 3614 1163 3677 iliud¹
1172 3612 1277 3685 Puppi,
1291 3629 1349 3683 quo

211 3701 294 3759 docet
313 3702 404 3759 tribus
423 3703 496 3759 datis
516 3705 601 3760 rectis
619 3705 703 3762 lineis
721 3711 851 3777 quartam
872 3705 1012 3772 invenire,
1032 3723 1105 3776 quae
1124 3705 1160 3760 sit
1179 3705 1213 3761 ad
1236 3705 1347 3761 tertiam

212 3797 243 3846 ut
263 3792 355 3862 prims
373 3793 409 3849 ad
429 3796 594 3853 secundam.

274 3935 386 4001 Serare
408 3937 516 4002 datam
539 3951 657 4004 rectam
680 3940 850 4024 quamlibet
872 3940 1044 4006 securrdum
1067 3942 1129 4005 dero
1152 3952 1293 4007 extrema

624 4068 661 4111 aa
686 4050 786 4113 media
810 4051 943 4115 ratione.

691 4205 816 4264 CAPUT
834 4206 872 4263 Χ.

286 4334 332 4391 sn
346 4336 376 4417 ia
394 4340 524 4410 proximo
542 4354 630 4409 supra
647 4340 732 4396 uitato
750 4343 884 4414 exempto
899 4343 963 4400 data
982 4349 1058 4401 recta
1071 4344 1105 4413 Ε,
1119 4362 1192 4416 quae
1204 4347 1241 4400 sit
1252 4360 1349 4403 socan-

215 4426 253 4483 da
265 4429 425 4487 mudum
437 4433 495 4489 duo
507 4439 635 4489 extrema
650 4448 683 4489 ao
696 4435 791 4491 media
807 4435 924 4493 ratione.
942 4437 1096 4508 aporiatur
1109 4453 1159 4506 pra
1174 4436 1349 4504 longitudino
