3120 5168
448 366 608 416 sansures
631 370 671 419 nn
695 370 776 416 noro
802 370 941 418 silvios
1219 359 1262 423 ll

124 501 243 566 mobile
256 500 393 582 gravius
407 516 464 580 per
476 498 564 562 idem
576 497 724 563 medium
735 500 835 564 citius
847 517 948 579 qnam
962 502 1070 564 orions
1085 521 1185 584 grave
1199 522 1271 569 mo·

122 618 262 683 rebitur.
275 616 547 692 Rationeautem
564 615 665 678 medii
677 615 853 696 dupliciter
867 617 974 697 inquit
985 619 1179 701 contingere
1200 627 1270 687 tar-

120 735 260 800 ditatem
277 738 336 798 aut
351 731 569 805 celeritatemc
584 731 686 797 semel
703 732 839 812 quidem
855 733 973 798 eodem
989 736 1097 799 medio
1109 743 1268 817 spectato,

121 870 179 918 seu
192 856 360 926 numento,
369 867 428 915 scu
439 851 474 914 in
485 851 683 924 contrarias,
693 851 766 916 sive
780 852 813 914 in
829 852 963 918 easdem
975 871 1053 918 cum
1068 855 1180 920 mobili
1194 874 1270 938 par·

123 979 172 1036 tes
181 973 351 1043 inuento:
372 969 519 1033 uelocior
536 970 626 1032 enim
641 970 706 1034 erit
723 970 873 1050 ejusdem
890 973 1022 1037 mobilis
1044 979 1156 1038 motus
1178 975 1205 1038 si
1230 977 1275 1040 ad

123 1091 255 1153 easdem
272 1087 398 1152 seratur
409 1093 518 1169 partes
538 1088 695 1164 medium,
712 1105 812 1170 quam
830 1090 858 1153 si
877 1097 1021 1167 maneat,
1036 1098 1070 1155 et
1083 1092 1111 1155 si
1129 1100 1272 1169 maneat,

122 1223 222 1288 quam
250 1207 280 1272 si
302 1205 346 1274 ed
366 1207 554 1272 contrarias
579 1212 763 1272 moveatur.
787 1207 950 1284 Secundo,
966 1210 1109 1276 diversis
1128 1215 1273 1295 acceptis

124 1324 252 1400 mediis,
265 1323 387 1391 mobile
402 1340 458 1405 per
474 1323 508 1387 id
518 1323 608 1404 quod
622 1324 778 1388 subtilius
792 1325 856 1388 erit
875 1326 977 1389 citius
988 1343 1090 1408 quam
1107 1347 1164 1410 per
1179 1348 1272 1393 cras·

123 1444 192 1508 sius
204 1442 408 1518 movebitur,
422 1449 461 1507 ut
476 1459 534 1523 per
549 1459 660 1506 aerem
672 1460 773 1523 uuam
791 1461 848 1525 per
864 1461 996 1525 aquam.
1016 1447 1075 1511 llis
1088 1449 1196 1529 primo
1212 1466 1272 1524 no,-

123 1561 213 1638 tatis,
223 1561 302 1642 quia
315 1561 449 1627 videbat
461 1560 549 1626 idem
562 1561 691 1642 {ondin
703 1579 761 1643 per
771 1563 946 1628 subtiliora
961 1566 1069 1629 media
1081 1566 1182 1630 citius
1194 1566 1272 1630 terri

122 1696 222 1760 quam
234 1679 479 1761 percrassiosa,
494 1681 680 1761 supposuit,
699 1681 857 1754 secundo,
871 1683 1010 1746 eandem
1028 1686 1271 1765 proportionem

122 1813 255 1866 servare
266 1797 479 1864 velocitatem
492 1802 602 1862 motus
614 1798 657 1862 ud
670 1799 807 1865 alterius
820 1805 929 1864 motus
942 1801 1269 1883 velocitatemquam

124 1916 224 1982 medii
235 1917 336 1983 unius
345 1917 514 1982 subtilitas
525 1916 567 1981 ad
579 1917 719 1982 alterius
731 1918 831 1981 medii
845 1919 1073 1983 subtilitatem.
1087 1921 1145 1985 llis
1161 1926 1271 1984 autem

124 2035 324 2110 constitutis,
342 2035 385 2099 ad
406 2034 724 2100 demonstrationem
750 2053 785 2100 sc
809 2044 1022 2112 convertens,
1041 2039 1087 2102 ita
1104 2045 1154 2102 est
1173 2056 1273 2120 argu·

123 2158 302 2223 necatus
317 2157 476 2221 Transeat
487 2154 650 2220 mobileO
664 2156 810 2219 medium
829 2156 855 2221 tt
872 2156 907 2220 in
921 2135 1106 2239 temporeC
1123 2154 1185 2242 (lis
1204 2174 1273 2220 me-

123 2272 217 2337 dium
233 2277 348 2339 autem
366 2273 522 2338 subtilius
540 2273 624 2354 ipso,
642 2290 759 2355 nempe
780 2274 820 2349 b,
844 2280 990 2339 transeat
1009 2276 1042 2338 in
1065 2280 1210 2356 tempore
1228 2275 1271 2338 E:
1352 2343 1354 2352 k

124 2389 335 2457 manifestum
346 2395 397 2456 est
408 2391 496 2455 sicut
507 2391 675 2456 crassitics
694 2392 720 2456 B
739 2392 783 2456 ad
793 2393 981 2457 crassitiem
995 2393 1032 2464 b,
1045 2391 1092 2453 ita
1108 2408 1142 2454 se
1155 2391 1275 2456 babere

126 2515 255 2592 tempus
268 2509 295 2577 C
310 2508 355 2574 ad
370 2513 502 2590 tempus
515 2509 554 2572 E.
579 2509 629 2575 Sit
646 2508 765 2573 deinde
782 2509 806 2574 F
823 2525 978 2582 vacuum,
998 2515 1031 2570 et
1050 2509 1171 2572 mobile
1188 2509 1229 2584 Ο,
1248 2510 1273 2572 si

127 2627 197 2692 lieri
208 2630 321 2710 possit,
334 2633 482 2693 transeat
500 2629 612 2710 ipsum
626 2630 650 2692 l'
662 2629 698 2693 in
714 2634 860 2710 tempore
875 2627 919 2694 G:
935 2618 1069 2692 babebit
1080 2628 1275 2709 igiturean—

128 2741 200 2805 dem
213 2743 375 2809 rationem
388 2759 537 2807 vacuum
555 2743 596 2807 ad
617 2745 762 2824 plenum,
776 2760 877 2824 quam
891 2742 990 2805 babet
1001 2741 1030 2808 G
1041 2743 1084 2806 ad
1097 2743 1134 2806 ll.
1151 2743 1275 2807 lntelli-

127 2863 226 2938 gatus
247 2859 363 2924 deinde
384 2860 479 2924 aliod
505 2861 653 2925 medium
677 2859 832 2924 subtilius
847 2861 918 2940 ipso
930 2861 968 2933 D,
980 2861 1023 2924 ad
1033 2861 1130 2942 eujus
1152 2861 1274 2924 crassi·

126 2976 205 3042 tiam
216 2977 322 3058 ipsius
340 2979 369 3049 b
385 2980 558 3044 crassities
573 2996 653 3042 eam
666 2980 786 3043 babeat
802 2980 1058 3061 proportionem,
1069 2996 1171 3060 quam
1192 2987 1276 3042 tem·

127 3111 187 3176 pus
198 3097 226 3163 ll
238 3096 282 3162 ad
294 3103 426 3180 tempus
438 3098 477 3166 G.
491 3101 584 3165 Tunc
596 3116 639 3162 ex
651 3097 703 3162 bis
716 3116 802 3179 quae
813 3099 997 3162 constituta
1010 3107 1100 3173 sunt,
1111 3098 1234 3162 mobile
1248 3098 1277 3162 0

125 3233 183 3296 per
205 3217 352 3283 modium
377 3235 466 3283 nunc
491 3220 665 3282 inventum
692 3218 882 3282 movebitur
904 3219 938 3280 in
962 3226 1109 3298 tempore
1126 3215 1176 3290 G,
1197 3233 1281 3304 cnm¹

126 3333 272 3400 medium
295 3335 324 3400 b
346 3335 390 3399 ad
414 3335 559 3400 medium
584 3353 672 3399 nunc
696 3335 870 3399 inventum
894 3334 1031 3397 eandem
1056 3335 1176 3397 babeat
1199 3350 1275 3414 pro-

127 3452 333 3532 portionem,
356 3471 457 3535 quam
482 3456 509 3519 Ε
544 3461 674 3535 tempus
697 3454 740 3517 nd
764 3458 893 3533 tempus
926 3452 965 3518 G.
1001 3451 1079 3516 Sed·
1098 3452 1132 3513 in
1160 3452 1274 3514 eodem

128 3576 274 3652 tempore
289 3570 329 3645 G,
345 3579 499 3641 movetur
521 3572 551 3638 Ο
574 3573 675 3637 ctiam
700 3589 758 3652 per
782 3587 928 3635 vacuum
947 3570 993 3643 Ἐς
1016 3586 1095 3650 ergo
1112 3568 1143 3635 Ο
1160 3569 1274 3632 eodem

126 3665 273 3773 tempore
295 3693 483 3756 movebitur
505 3709 563 3773 per
584 3691 653 3754 duo
673 3690 782 3771 spatia
804 3688 980 3770 aemulis,
1008 3704 1148 3767 quorum
1169 3703 1272 3750 unum

126 3809 169 3871 sit
192 3808 345 3891 plenum,
364 3810 509 3874 alterum
531 3826 610 3874 vero
632 3809 675 3872 sit
701 3824 860 3872 uacuum:
883 3805 970 3887 quod
994 3804 1129 3886 quidem
1152 3809 1202 3868 est
1225 3805 1276 3867 in—

127 3926 340 3992 conveniens.
363 3928 451 3992 llaec
475 3933 525 3991 est
546 3927 734 3992 Aristotelis
756 3923 1010 3997 demonstratio,
1032 3939 1118 4003 quae
1139 3922 1274 4003 quidem

130 4045 253 4124 optime
266 4050 300 4110 et
314 4046 501 4111 necessario
516 4046 733 4110 conclusisset
747 4044 857 4127 quoad
869 4044 1008 4108 sormam
1022 4041 1277 4106 demonstratio·

130 4162 194 4240 nis,
216 4165 243 4228 si
265 4182 305 4229 ea
327 4182 412 4246 quae
433 4166 616 4247 assumpsit
633 4167 891 4230 demonstrasset
913 4160 1120 4236 Aristoteles,
1155 4163 1214 4223 aut
1249 4159 1274 4221 si

204 4428 240 4487 itt
255 4427 320 4477 Tib.
340 4426 362 4484 l,
378 4427 434 4488 Ρη.
453 4433 480 4479 7.

221 4517 348 4575 Gannico
367 4518 494 4575 tinnient.
514 4551 547 4562 -
566 4519 597 4573 'l'.
624 4519 672 4572 ΧΙ.
1140 4514 1156 4563 ὓ
