3120 5168
462 379 622 429 sassones
644 381 685 427 nn
711 381 792 429 nuru
818 384 956 430 univisse
1236 372 1280 439 ab

139 509 292 589 Quioseet
313 508 416 590 igitur
439 508 559 575 mobile
584 526 641 591 per
662 509 802 592 dumam
834 515 990 594 temporis
1018 514 1094 589 cb,
1117 517 1206 597 quod
1228 524 1280 585 est

138 625 395 701 inconveniens,
425 642 502 690 nam
527 627 710 707 ponebatur
738 628 911 709 quiescens
941 649 998 711 pes·
1028 633 1173 712 spatium
1210 636 1276 703 cb.

136 742 261 808 Eadem
285 759 366 807 vero
393 744 646 827 argumentandi
670 746 797 808 ratione
821 753 974 823 servata,
997 749 1279 818 demonstrabitur

137 861 255 935 stiam,
279 859 400 925 mobile
436 859 469 925 in
505 866 627 940 puncto
650 860 676 925 B
697 875 827 941 semper
848 863 1039 944 quiescere,
1063 883 1142 931 oum
1166 873 1277 935 taurea

140 983 283 1059 ponatur
304 994 341 1043 se
361 983 559 1043 eonvertens
581 977 623 1040 ad
647 982 774 1043 motum
798 981 996 1047 naturalem.

229 1096 410 1161 troarnen.
457 1094 529 1160 Non
565 1113 696 1177 possum
733 1115 797 1160 non
833 1097 950 1172 lateri,
979 1100 1278 1169 demonstrationes

140 1217 221 1280 istas
242 1216 428 1283 neemmrio
449 1214 659 1290 eonaludere,
680 1233 758 1281 eum
785 1234 830 1281 ex
857 1219 1026 1300 principiis
1050 1221 1280 1287 manifestissi-

142 1335 205 1399 mis
227 1339 261 1399 et
280 1334 493 1409 pertissimis,
514 1348 601 1416 quae
623 1335 715 1401 nullo
739 1336 837 1401 modo
870 1340 984 1420 neqari
1019 1341 1167 1421 parssim,
1202 1357 1282 1422 pen·

140 1453 249 1519 deant
272 1455 430 1519 Attamen
455 1453 565 1519 adhue
589 1454 700 1519 neseio
721 1454 803 1534 quid
818 1461 960 1521 mentem
988 1460 1180 1538 perturbat:
1203 1476 1283 1535 nana

139 1572 284 1652 apanis
306 1571 483 1653 aliqnando
505 1572 665 1635 virtutem
699 1572 921 1653 impellentem
955 1577 1092 1655 aequari
1121 1577 1281 1657 gravitati

140 1689 316 1761 reslstenti,
326 1687 495 1769 quomodo
506 1688 608 1753 etiam
620 1704 687 1752 non
699 1705 799 1768 pones
811 1688 944 1769 aliquod
959 1706 1081 1769 eorpus
1095 1691 1282 1770 quiesceret

108 1855 110 1858 ι
231 1811 438 1874 duremur.
468 1806 719 1873 Dubitationem
753 1807 839 1871 bane
872 1806 969 1871 laoile
1002 1808 1065 1871 erit
1098 1822 1278 1873 removero.

146 1924 246 1990 Aliud
278 1925 367 1992 erin
399 1929 451 1989 est
483 1924 593 1989 dioere
627 1924 757 1989 mobilis
791 1925 989 2006 gravitatem
1025 1925 1204 2006 aliquando
1241 1927 1285 1994 at

143 2041 378 2123 aequalitatem
392 2058 473 2109 eum
488 2041 522 2105 vi
545 2041 733 2123 impellente
756 2042 925 2119 devenire,
948 2042 1040 2110 aliud
1057 2060 1135 2110 vero
1153 2061 1229 2109 mm
1248 2045 1284 2109 ln

146 2159 205 2225 tali
222 2159 426 2242 aequalitate
448 2130 677 2243 pertenentis
693 2161 837 2242 spatium
854 2162 1078 2234 eommorarir
1094 2161 1157 2227 boo
1172 2167 1285 2226 autem

142 2276 294 2357 exemplo
317 2276 591 2340 manifestabitur.
616 2276 793 2340 Nemeum
819 2277 939 2341 mobile
956 2283 1107 2340 movetur
1130 2295 1170 2340 eo
1195 2275 1284 2356 quod

148 2394 208 2478 (nt
226 2395 489 2463 daeronrlratum
522 2392 583 2479 est)
618 2396 726 2459 virtus
747 2395 919 2476 impellens
941 2412 1068 2476 semper
1089 2394 1284 2466 remittitur,

144 2514 295 2598 gravitas
318 2523 400 2578 vern
422 2526 552 2595 semper
574 2514 688 2577 eedem
706 2519 834 2601 *manet
857 2513 1006 2594 seqnitur
1032 2511 1220 2577 necessario
1247 2516 1285 2574 nt

148 2634 325 2717 antequam
341 2629 383 2695 ad
400 2631 641 2714 proportionem
657 2630 869 2715 aequalitatis
884 2622 1104 2712 pervenerint,
1127 2620 1290 2694 innume·¹

146 2749 818 2832 rasaliaepmportionesimeroedan13
850 2755 999 2815 attamen
1033 2750 1102 2815 vim
1137 2755 1170 2813 et
1202 2766 1281 2831 qra-

150 2867 289 2933 vitatem
312 2869 346 2931 in
368 2869 480 2950 aliqua
505 2869 646 2932 istarum
677 2869 886 2948 proportione
909 2884 966 2950 per
989 2867 1124 2948 aliquod
1153 2872 1284 2948 tompus

149 2998 282 3049 manere
305 2986 354 3048 est
369 2982 590 3068 impossibile,
616 2999 694 3048 oum
720 2982 983 3048 demonstratam
1002 2982 1061 3048 'slt
1095 2998 1278 3064 numquam

146 3101 306 3167 virtutem
329 3096 550 3185 impellentem
574 3119 631 3183 per
655 3100 790 3183 aliquod
814 3098 970 3183 temporis
993 3097 1135 3184 spatium
1159 3099 1195 3161 in
1221 3088 1292 3161 eo·¹

145 3219 220 3285 dem
241 3225 333 3287 statu
355 3237 504 3296 manere,
525 3238 602 3285 eum
626 3237 756 3300 semper
782 3219 995 3291 remittatur3
1025 3234 1139 3282 verum
1169 3217 1282 3296 itaqua

144 3344 210 3411 est,
234 3338 303 3403 vim
327 3343 361 3402 et
385 3338 584 3421 gravitatem
622 3348 679 3419 per
713 3336 954 3418 proportionem
989 3352 1021 3398 v.
1056 3348 1085 3416 q.
1121 3332 1278 3414 duplam,

144 3454 423 3545 sesquealtera'm,
452 3455 712 3538 sesquetertiam,
735 3458 768 3518 el
791 3452 873 3521 alias
896 3452 1108 3537 innumeras,
1133 3449 1289 3539 transire..

145 3574 241 3652 Quod
264 3579 378 3643 autem
399 3573 436 3639 in
450 3591 514 3639 nna
538 3589 654 3649 aarum
671 3573 880 3664 proportione
904 3589 960 3652 per
984 3567 1118 3650 aliquod
1153 3566 1284 3649 tempus
1331 3628 1333 3634 ,

146 3695 313 3766 maneant,
335 3690 398 3754 boe
421 3690 635 3755 falsissimum
658 3695 730 3761 est;
762 3689 849 3753 sieut
883 3687 984 3753 eliam
1009 3684 1036 3748 si
1060 3682 1285 3767 intelligamus

147 3805 284 3890 allqnod
305 3806 427 3877 mobile
445 3826 503 3892 per
525 3805 733 3889 superficiem
758 3790 904 3887 aliquam
930 3805 1170 3878 moverimus
1203 3799 1286 3865 lllud

145 3943 261 3995 omnes
284 3924 468 4011 superdeiei
491 3908 596 3992 lineas
619 3929 747 4009 tanget,
770 3930 803 3988 et
825 3941 883 4005 per
909 3939 965 3987 eas
993 3918 1163 4002 transibit:
1196 3918 1287 4002 quod

146 4051 258 4114 auum
271 4046 308 4112 ia
321 4045 436 4127 aliqua
457 4061 573 4109 earum
596 4061 653 4124 per
675 4043 811 4123 aliquod
824 4041 980 4122 temporis
993 4041 1137 4121 spatium
1154 4044 1286 4107 maneat

147 4167 198 4225 est
227 4161 453 4240 idumeum
479 4174 650 4243 nunquam
673 4161 832 4243 quleseat,
855 4159 912 4224 sed
939 4157 1080 4241 amplias
1104 4161 1285 4222 moveatm.

145 4278 221 4345 Pari
243 4282 346 4346 etiam
369 4281 495 4346 ratione
518 4296 634 4344 verum
657 4284 718 4356 est,
735 4276 805 4373 vim
829 4284 861 4343 et
885 4278 1084 4363 gravitatem
1107 4272 1283 4359 aliquando

149 4402 317 4485 pervenire
333 4400 376 4476 ad
392 4398 600 4483 aequalitatis
620 4400 876 4485 proportionem,
891 4398 977 4463 sient
994 4402 1026 4462 et
1038 4395 1081 4461 ad
1095 4396 1285 4461 innumeras
