3120 5168
522 374 698 421 annones
723 375 763 420 uu
787 375 870 420 nort·
895 375 1047 423 univira.
1146 375 1148 378 ·
1300 367 1359 430 tili

271 592 321 647 nu
342 589 448 648 uuru
468 589 677 646 uincuntur
697 590 921 657 cusnnnuu
942 592 992 646 au
1011 589 1073 647 su‘
1089 592 1306 673 utrumuis

618 688 668 744 au
688 687 902 745 vrunnnrus
924 692 967 761 fr).

305 872 353 934 ile
377 875 470 933 motu
493 869 650 932 circulari
676 869 786 951 aliqua
810 870 955 942 dicturi,
979 873 1085 952 primo
1106 874 1212 953 ipsum
1237 875 1285 936 ila
1309 876 1359 938 di-

216 988 446 1068 stinguemus:
471 990 580 1048 molus
607 985 779 1048 circularis
802 987 856 1049 vel
880 985 917 1049 nt
940 989 1029 1050 circa
1054 991 1167 1052 muudi
1191 997 1358 1065 centrum,

218 1104 272 1167 rel
293 1108 397 1167 extra.
421 1102 517 1166 Nunc
541 1108 654 1165 autem
679 1102 852 1166 videamus
888 1122 929 1167 an
964 1106 1032 1184 qui·
1058 1104 1095 1169 lit
1129 1108 1356 1172 circa‘mundi

215 1226 368 1284 centrum
391 1221 434 1283 sit
457 1219 623 1283 violentus
645 1235 705 1280 nec
729 1235 790 1291 ue:
815 1225 867 1295 ul,
890 1221 982 1284 verbi
1014 1224 1137 1303 gratia,
1160 1223 1186 1285 si
1211 1239 1358 1288 marmo-

215 1354 272 1401 rea
295 1337 435 1418 sphaera
458 1341 544 1400 esset
568 1337 601 1399 in
625 1335 740 1399 muudi
764 1316 900 1405 centur.
935 1337 980 1399 ita
1006 1344 1216 1402 ut'eeutrum
1241 1339 1313 1420 ejus
1329 1359 1355 1406 ,a

216 1456 331 1519 mundi
355 1460 469 1518 centro
492 1472 557 1518 uon
581 1451 742 1525 differret:
765 1449 865 1536 hujus
894 1455 1034 1534 quaesiti
1069 1456 1267 1520 solutionem
1294 1458 1357 1520 ha-

215 1572 389 1645 bebimus,
412 1572 439 1634 si
463 1571 543 1651 quid
563 1571 606 1633 sil
629 1569 793 1633 naturalis
820 1576 853 1633 et
876 1570 957 1650 quid
979 1571 1144 1635 violentus
1168 1580 1277 1638 motus
1300 1575 1357 1637 de-

213 1690 371 1759 claretur.
395 1689 507 1755 Motus
530 1688 641 1766 itaque
661 1687 823 1750 naturalis
836 1693 887 1751 eat
901 1687 980 1750 dum
1000 1689 1146 1761 mobilia,
1164 1691 1355 1760 incedendo,

216 1807 259 1870 ad
281 1808 354 1870 loca
378 1806 511 1887 propria
533 1805 719 1876 accedunt;
742 1805 907 1868 violentus
932 1824 1011 1869 vero
1034 1812 1083 1869 est
1107 1807 1355 1881 dummentlta,

215 1947 303 2012 quae
324 1933 523 1998 moventur,
546 1946 566 1990 a
590 1926 723 2007 proprio
746 1926 819 1989 loco
842 1925 1009 1987 recedunt.
1039 1924 1128 1988 llaec
1152 1941 1229 1988 cum
1253 1926 1299 1988 ita
1324 1943 1359 1988 sc

211 2049 382 2120 debeant,
404 2046 615 2109 manifestum
638 2050 710 2120 est,
734 2045 908 2125 sphaeram
933 2059 1033 2125 supra
1056 2044 1172 2106 muudi
1202 2049 1355 2106 centrum

212 2165 493 2230 circumvolutam
517 2181 623 2244 neque
643 2164 802 2237 naturali,
818 2179 924 2243 neque
941 2163 1086 2226 violento
1103 2169 1195 2226 motu
1220 2163 1356 2226 moveri.

209 2282 299 2349 Cam
323 2283 411 2347 enim
434 2282 575 2362 sphaera
597 2282 710 2361 gravia
734 2281 788 2355 sit,
803 2287 837 2342 et
857 2280 1011 2361 gravium
1027 2280 1122 2344 locas
1137 2281 1179 2343 sit
1194 2285 1358 2353 centrum,

210 2406 478 2481 mercanturque
500 2400 616 2481 gravia
636 2400 726 2463 circa
750 2415 831 2462 suae
851 2399 1026 2480 gravitatis
1049 2405 1216 2469 centrum3
1238 2399 1267 2460 si
1287 2397 1357 2477 jam

208 2523 373 2603 sphaerae
395 2525 480 2584 esset
502 2524 654 2583 centrum
679 2519 864 2600 gravitatis·
878 2519 912 2581 iu
934 2524 1050 2581 centro
1075 2517 1211 2589 mnndi,
1235 2519 1269 2579 iu
1292 2532 1358 2595 quo

216 2639 294 2703 dum
313 2638 451 2719 sphaera
474 2638 739 2701 circumducitur
761 2641 931 2710 maneret,
961 2635 1171 2699 manifestum
1196 2640 1244 2698 est
1267 2635 1355 2714 quod

212 2770 322 2835 neque
335 2756 531 2819 naturaliter
553 2773 613 2818 nec
634 2756 795 2818 violenter
810 2760 1011 2829 moveretur,
1029 2754 1166 2816 eumad
1185 2752 1355 2835 proprium

212 2871 326 2936 locum
349 2888 408 2935 nec
431 2875 602 2937 accederet
636 2888 697 2934 nec
733 2871 910 2934 recederet.
935 2871 996 2935 Ubi
1021 2867 1354 2933 animadvertendum

209 2992 274 3064 est,
297 2990 435 3069 quodsi
457 2990 598 3071 sphaera
620 2995 706 3053 esset
729 2989 954 3052 consimilium
979 2988 1141 3070 partium,
1161 2987 1208 3049 itu
1224 2993 1262 3050 ut
1277 3002 1355 3049 cen-

212 3113 303 3170 trum
327 3107 504 3189 gravitatis
527 3115 560 3171 et
580 3107 824 3190 magnitudinis
848 3108 935 3170 idem
959 3111 1055 3181 esset,
1075 3104 1261 3168 luucillius
1276 3120 1354 3165 cen-

210 3229 300 3286 trum
316 3240 336 3285 a
351 3230 466 3287 centro
480 3223 597 3288 mundi
613 3241 681 3287 nnn
704 3223 866 3295 differret:
885 3223 973 3303 quud
990 3224 1017 3287 si
1033 3222 1246 3287 dissimilium
1268 3228 1354 3283 esset
1467 3241 1470 3247 ·

211 3341 367 3418 partium,
390 3339 438 3403 ita
460 3344 498 3401 ut
520 3343 673 3402 centrum
695 3356 776 3402 suae
800 3340 974 3421 gravitatis
997 3358 1017 3403 a
1040 3345 1155 3402 centro
1184 3339 1352 3420 magnitu-

208 3432 297 3519 dinis
315 3455 487 3532 differret,
522 3463 601 3520 tunc
636 3465 788 3521 centrum
822 3458 999 3540 gravitatis
1032 3463 1118 3521 esset
1152 3457 1241 3520 idem
1275 3473 1351 3518 cnm

208 3581 324 3638 centro
347 3573 485 3650 mundi,
518 3583 672 3639 centrum
709 3593 788 3638 vero
823 3574 1065 3657 magnitudinis
1093 3575 1256 3637 diversus.
1291 3572 1352 3638 sed

207 3693 523 3808 quomodocumque
542 3712 576 3758 se
599 3695 756 3766 haberet,
781 3694 961 3759 dummodo
991 3700 1143 3757 centrum
1176 3693 1353 3774 gravitatis

207 3817 295 3874 esset
317 3812 406 3876 idem
428 3830 505 3877 cum
529 3822 646 3877 centro
668 3813 796 3889 mundi,
818 3813 957 3895 sphaera
974 3814 1008 3876 in
1026 3818 1141 3875 centro
1156 3811 1271 3874 mundi
1291 3826 1350 3872 nec

207 3931 421 4006 naturaliter,
455 3949 518 3996 nec
552 3932 716 3997 violenter
741 3933 1062 4004 circumduceretur;
1093 3927 1352 4009 unumquodque

208 4047 297 4112 enim
319 4067 446 4125 eorum,
468 4069 554 4134 quae
577 4058 763 4122 moventur,
779 4052 963 4114 secundum
983 4050 1158 4133 gravitatis
1174 4064 1254 4110 suae
1269 4052 1350 4110 cen·

207 4167 297 4227 trum
322 4174 485 4233 moretur.
510 4169 708 4249 llic‘autem
726 4170 799 4232 'duo
821 4170 935 4248 quaeri
961 4174 1120 4250 possunt:

236 4375 238 4379 Ι
296 4285 423 4363 Primo,
449 4293 564 4352 utrum
587 4290 726 4370 sphaera
749 4289 1044 4372 heterogenearnm
1070 4291 1231 4371 partium,
1249 4289 1349 4368 cujus

283 4445 316 4501 ltl
332 4441 411 4493 Char.
429 4442 494 4495 Ccd.
513 4449 567 4496 1⁰⁰.

211 4557 213 4562 ·
293 4533 423 4592 diurno
442 4536 571 4594 Gnarum.
592 4571 625 4581 -
644 4540 675 4594 Τ.
698 4540 747 4595 xl.
1212 4542 1229 4588 ⁹
