<?xml version="1.0" encoding="UTF-8"?>
<!DOCTYPE html PUBLIC "-//W3C//DTD XHTML 1.0 Transitional//EN"
    "http://www.w3.org/TR/xhtml1/DTD/xhtml1-transitional.dtd">
<html xmlns="http://www.w3.org/1999/xhtml" xml:lang="en" lang="en">
 <head>
  <title>
</title>
<meta http-equiv="Content-Type" content="text/html;charset=utf-8" />
  <meta name='ocr-system' content='tesseract 3.04.00' />
  <meta name='ocr-capabilities' content='ocr_page ocr_carea ocr_par ocr_line ocrx_word'/>
</head>
<body>
  <div class='ocr_page' id='page_1' title='image "./leoperedigalile06vivigoog_0083.png"; bbox 0 0 3120 5168; ppageno 0'>
   <div class='ocr_carea' id='block_1_1' title="bbox 528 345 1360 412">
    <p class='ocr_par' dir='ltr' id='par_1_1' title="bbox 528 345 1360 412">
     <span class='ocr_line' id='line_1_1' title="bbox 528 345 1360 412; baseline 0.008 -8"><span class='ocrx_word' id='word_1_1' title='bbox 528 356 690 410; x_wconf 69' lang='lat' dir='ltr'><strong>remorre</strong></span> <span class='ocrx_word' id='word_1_2' title='bbox 714 357 754 404; x_wconf 89' lang='lat' dir='ltr'><strong>mr</strong></span> <span class='ocrx_word' id='word_1_3' title='bbox 777 357 859 409; x_wconf 73' lang='lat' dir='ltr'><strong>nuru</strong></span> <span class='ocrx_word' id='word_1_4' title='bbox 883 358 1040 407; x_wconf 63' lang='lat' dir='ltr'><strong>currum&gt;</strong></span> <span class='ocrx_word' id='word_1_5' title='bbox 1302 345 1360 412; x_wconf 64' lang='lat' dir='ltr'><strong>tl?¹</strong></span> 
     </span>
    </p>
   </div>
   <div class='ocr_carea' id='block_1_2' title="bbox 206 487 1363 4103">
    <p class='ocr_par' dir='ltr' id='par_1_2' title="bbox 206 487 1363 3739">
     <span class='ocr_line' id='line_1_2' title="bbox 214 487 1353 569; baseline 0.003 -15"><span class='ocrx_word' id='word_1_6' title='bbox 214 496 263 554; x_wconf 91' lang='lat' dir='ltr'><strong>ret</strong></span> <span class='ocrx_word' id='word_1_7' title='bbox 285 495 343 557; x_wconf 87' lang='lat' dir='ltr'><strong>aut</strong></span> <span class='ocrx_word' id='word_1_8' title='bbox 367 488 493 552; x_wconf 85' lang='lat' dir='ltr'><strong>tardior</strong></span> <span class='ocrx_word' id='word_1_9' title='bbox 515 487 692 561; x_wconf 74' lang='lat' dir='ltr'><strong>eraderet:</strong></span> <span class='ocrx_word' id='word_1_10' title='bbox 719 487 841 553; x_wconf 88' lang='lat' dir='ltr'><strong>borum</strong></span> <span class='ocrx_word' id='word_1_11' title='bbox 867 490 958 560; x_wconf 81' lang='lat' dir='ltr'><strong>euim</strong></span> <span class='ocrx_word' id='word_1_12' title='bbox 983 493 1140 556; x_wconf 82' lang='lat' dir='ltr'><strong>neutrum</strong></span> <span class='ocrx_word' id='word_1_13' title='bbox 1163 489 1353 569; x_wconf 79' lang='lat' dir='ltr'><strong>accideret,</strong></span> 
     </span>
     <span class='ocr_line' id='line_1_3' title="bbox 210 605 1349 680; baseline 0.001 -7"><span class='ocrx_word' id='word_1_14' title='bbox 210 626 288 673; x_wconf 87' lang='lat' dir='ltr'><strong>cunr</strong></span> <span class='ocrx_word' id='word_1_15' title='bbox 311 605 426 680; x_wconf 82' lang='lat' dir='ltr'><strong>enim,</strong></span> <span class='ocrx_word' id='word_1_16' title='bbox 448 623 489 669; x_wconf 78' lang='lat' dir='ltr'><strong>ex</strong></span> <span class='ocrx_word' id='word_1_17' title='bbox 512 621 628 671; x_wconf 87' lang='lat' dir='ltr'><strong>eorum</strong></span> <span class='ocrx_word' id='word_1_18' title='bbox 651 605 754 670; x_wconf 84' lang='lat' dir='ltr'><strong>otiam</strong></span> <span class='ocrx_word' id='word_1_19' title='bbox 776 607 960 680; x_wconf 70' lang='lat' dir='ltr'><strong>oententia,</strong></span> <span class='ocrx_word' id='word_1_20' title='bbox 984 607 1067 672; x_wconf 87' lang='lat' dir='ltr'><strong>coeli</strong></span> <span class='ocrx_word' id='word_1_21' title='bbox 1090 607 1349 674; x_wconf 83' lang='lat' dir='ltr'><strong>circumvolutio</strong></span> 
     </span>
     <span class='ocr_line' id='line_1_4' title="bbox 211 716 1354 807; baseline -0.001 -19"><span class='ocrx_word' id='word_1_22' title='bbox 211 726 302 788; x_wconf 89' lang='lat' dir='ltr'><strong>circa</strong></span> <span class='ocrx_word' id='word_1_23' title='bbox 319 722 436 791; x_wconf 87' lang='lat' dir='ltr'><strong>muudi</strong></span> <span class='ocrx_word' id='word_1_24' title='bbox 454 726 606 788; x_wconf 78' lang='lat' dir='ltr'>centrum</span> <span class='ocrx_word' id='word_1_25' title='bbox 625 719 695 797; x_wconf 90' lang='lat' dir='ltr'><strong>liat,</strong></span> <span class='ocrx_word' id='word_1_26' title='bbox 714 722 827 787; x_wconf 87' lang='lat' dir='ltr'><strong>addita</strong></span> <span class='ocrx_word' id='word_1_27' title='bbox 845 721 951 798; x_wconf 90' lang='lat' dir='ltr'><strong>stella,</strong></span> <span class='ocrx_word' id='word_1_28' title='bbox 964 716 1024 790; x_wconf 84' lang='lat' dir='ltr'><strong>aut</strong></span> <span class='ocrx_word' id='word_1_29' title='bbox 1038 724 1132 792; x_wconf 80' lang='lat' dir='ltr'><strong>aliud</strong></span> <span class='ocrx_word' id='word_1_30' title='bbox 1148 741 1354 807; x_wconf 74' lang='lat' dir='ltr'><strong>grave.pon·.</strong></span> 
     </span>
     <span class='ocr_line' id='line_1_5' title="bbox 211 814 1351 922; baseline -0.001 -15"><span class='ocrx_word' id='word_1_31' title='bbox 211 843 274 907; x_wconf 85' lang='lat' dir='ltr'><strong>dus</strong></span> <span class='ocrx_word' id='word_1_32' title='bbox 296 838 568 922; x_wconf 80' lang='lat' dir='ltr'><strong>superadditum,</strong></span> <span class='ocrx_word' id='word_1_33' title='bbox 590 856 651 903; x_wconf 90' lang='lat' dir='ltr'><strong>nec</strong></span> <span class='ocrx_word' id='word_1_34' title='bbox 668 839 804 920; x_wconf 83' lang='lat' dir='ltr'><strong>juvabit</strong></span> <span class='ocrx_word' id='word_1_35' title='bbox 827 856 887 903; x_wconf 89' lang='lat' dir='ltr'><strong>nec</strong></span> <span class='ocrx_word' id='word_1_36' title='bbox 911 814 1092 907; x_wconf 77' lang='lat' dir='ltr'><strong>retardabit</strong></span> <span class='ocrx_word' id='word_1_37' title='bbox 1111 847 1255 917; x_wconf 88' lang='lat' dir='ltr'><strong>motum,</strong></span> <span class='ocrx_word' id='word_1_38' title='bbox 1274 861 1351 907; x_wconf 86' lang='lat' dir='ltr'><strong>cum</strong></span> 
     </span>
     <span class='ocr_line' id='line_1_6' title="bbox 211 957 1363 1039; baseline -0.004 -15"><span class='ocrx_word' id='word_1_39' title='bbox 211 958 278 1025; x_wconf 90' lang='lat' dir='ltr'><strong>tale</strong></span> <span class='ocrx_word' id='word_1_40' title='bbox 301 957 428 1038; x_wconf 88' lang='lat' dir='ltr'><strong>pondus</strong></span> <span class='ocrx_word' id='word_1_41' title='bbox 451 958 485 1020; x_wconf 92' lang='lat' dir='ltr'><strong>ln</strong></span> <span class='ocrx_word' id='word_1_42' title='bbox 510 957 570 1039; x_wconf 81' lang='lat' dir='ltr'><strong>tali</strong></span> <span class='ocrx_word' id='word_1_43' title='bbox 591 957 809 1022; x_wconf 79' lang='lat' dir='ltr'><strong>circulatione</strong></span> <span class='ocrx_word' id='word_1_44' title='bbox 832 975 892 1021; x_wconf 90' lang='lat' dir='ltr'><strong>nec</strong></span> <span class='ocrx_word' id='word_1_45' title='bbox 916 958 1067 1038; x_wconf 81' lang='lat' dir='ltr'><strong>acquirat</strong></span> <span class='ocrx_word' id='word_1_46' title='bbox 1086 975 1146 1026; x_wconf 87' lang='lat' dir='ltr'><strong>nec</strong></span> <span class='ocrx_word' id='word_1_47' title='bbox 1162 961 1296 1025; x_wconf 89' lang='lat' dir='ltr'><strong>amittat</strong></span> <span class='ocrx_word' id='word_1_48' title='bbox 1310 963 1363 1024; x_wconf 68' lang='lat' dir='ltr'><strong>de,</strong></span> 
     </span>
     <span class='ocr_line' id='line_1_7' title="bbox 213 1074 1351 1158; baseline 0.003 -19"><span class='ocrx_word' id='word_1_49' title='bbox 213 1092 350 1140; x_wconf 84' lang='lat' dir='ltr'><strong>accessu</strong></span> <span class='ocrx_word' id='word_1_50' title='bbox 376 1081 435 1138; x_wconf 90' lang='lat' dir='ltr'><strong>aut</strong></span> <span class='ocrx_word' id='word_1_51' title='bbox 463 1089 594 1139; x_wconf 87' lang='lat' dir='ltr'><strong>recessu</strong></span> <span class='ocrx_word' id='word_1_52' title='bbox 618 1093 638 1138; x_wconf 90' lang='lat' dir='ltr'><strong>a</strong></span> <span class='ocrx_word' id='word_1_53' title='bbox 662 1079 777 1139; x_wconf 90' lang='lat' dir='ltr'><strong>centro</strong></span> <span class='ocrx_word' id='word_1_54' title='bbox 799 1075 840 1137; x_wconf 87' lang='lat' dir='ltr'><strong>ad</strong></span> <span class='ocrx_word' id='word_1_55' title='bbox 864 1074 952 1155; x_wconf 84' lang='lat' dir='ltr'><strong>quod</strong></span> <span class='ocrx_word' id='word_1_56' title='bbox 975 1091 1037 1137; x_wconf 83' lang='lat' dir='ltr'><strong>sua</strong></span> <span class='ocrx_word' id='word_1_57' title='bbox 1061 1077 1226 1158; x_wconf 75' lang='lat' dir='ltr'><strong>gravitate</strong></span> <span class='ocrx_word' id='word_1_58' title='bbox 1250 1077 1351 1142; x_wconf 83' lang='lat' dir='ltr'><strong>terre-</strong></span> 
     </span>
     <span class='ocr_line' id='line_1_8' title="bbox 212 1192 1350 1277; baseline 0.004 -21"><span class='ocrx_word' id='word_1_59' title='bbox 212 1201 277 1269; x_wconf 85' lang='lat' dir='ltr'><strong>tur.</strong></span> <span class='ocrx_word' id='word_1_60' title='bbox 300 1193 518 1273; x_wconf 83' lang='lat' dir='ltr'><strong>Deripiuntur</strong></span> <span class='ocrx_word' id='word_1_61' title='bbox 540 1209 620 1274; x_wconf 79' lang='lat' dir='ltr'><strong>ergo</strong></span> <span class='ocrx_word' id='word_1_62' title='bbox 643 1192 724 1259; x_wconf 88' lang='lat' dir='ltr'><strong>talia</strong></span> <span class='ocrx_word' id='word_1_63' title='bbox 746 1193 892 1257; x_wconf 86' lang='lat' dir='ltr'><strong>dicentes</strong></span> <span class='ocrx_word' id='word_1_64' title='bbox 914 1193 949 1257; x_wconf 90' lang='lat' dir='ltr'><strong>in</strong></span> <span class='ocrx_word' id='word_1_65' title='bbox 972 1193 1057 1268; x_wconf 91' lang='lat' dir='ltr'><strong>boc,</strong></span> <span class='ocrx_word' id='word_1_66' title='bbox 1085 1195 1197 1275; x_wconf 85' lang='lat' dir='ltr'><strong>quod,</strong></span> <span class='ocrx_word' id='word_1_67' title='bbox 1221 1197 1350 1277; x_wconf 91' lang='lat' dir='ltr'><strong>primo,</strong></span> 
     </span>
     <span class='ocr_line' id='line_1_9' title="bbox 211 1309 1350 1392; baseline 0.005 -18"><span class='ocrx_word' id='word_1_68' title='bbox 211 1315 363 1375; x_wconf 82' lang='lat' dir='ltr'><strong>statuunt</strong></span> <span class='ocrx_word' id='word_1_69' title='bbox 378 1309 447 1373; x_wconf 88' lang='lat' dir='ltr'><strong>vim</strong></span> <span class='ocrx_word' id='word_1_70' title='bbox 463 1310 613 1374; x_wconf 90' lang='lat' dir='ltr'><strong>motricis</strong></span> <span class='ocrx_word' id='word_1_71' title='bbox 628 1309 867 1392; x_wconf 78' lang='lat' dir='ltr'><strong>intelligentiae</strong></span> <span class='ocrx_word' id='word_1_72' title='bbox 885 1327 955 1377; x_wconf 84' lang='lat' dir='ltr'><strong>esse</strong></span> <span class='ocrx_word' id='word_1_73' title='bbox 976 1312 1022 1375; x_wconf 89' lang='lat' dir='ltr'><strong>ita</strong></span> <span class='ocrx_word' id='word_1_74' title='bbox 1040 1314 1247 1377; x_wconf 86' lang='lat' dir='ltr'><strong>resistentiac</strong></span> <span class='ocrx_word' id='word_1_75' title='bbox 1266 1317 1350 1380; x_wconf 90' lang='lat' dir='ltr'><strong>coeli</strong></span> 
     </span>
     <span class='ocr_line' id='line_1_10' title="bbox 211 1426 1351 1509; baseline 0.008 -20"><span class='ocrx_word' id='word_1_76' title='bbox 211 1428 509 1509; x_wconf 70' lang='lat' dir='ltr'><strong>proportionatam,</strong></span> <span class='ocrx_word' id='word_1_77' title='bbox 534 1431 570 1491; x_wconf 92' lang='lat' dir='ltr'><strong>ut</strong></span> <span class='ocrx_word' id='word_1_78' title='bbox 593 1426 702 1507; x_wconf 89' lang='lat' dir='ltr'><strong>ipsum</strong></span> <span class='ocrx_word' id='word_1_79' title='bbox 723 1426 788 1490; x_wconf 91' lang='lat' dir='ltr'><strong>bac</strong></span> <span class='ocrx_word' id='word_1_80' title='bbox 810 1444 876 1507; x_wconf 88' lang='lat' dir='ltr'><strong>qua</strong></span> <span class='ocrx_word' id='word_1_81' title='bbox 897 1445 985 1493; x_wconf 92' lang='lat' dir='ltr'><strong>nunc</strong></span> <span class='ocrx_word' id='word_1_82' title='bbox 1009 1433 1162 1494; x_wconf 87' lang='lat' dir='ltr'><strong>moretur</strong></span> <span class='ocrx_word' id='word_1_83' title='bbox 1183 1430 1351 1498; x_wconf 84' lang='lat' dir='ltr'><strong>celeritate</strong></span> 
     </span>
     <span class='ocr_line' id='line_1_11' title="bbox 212 1541 1351 1626; baseline 0.004 -18"><span class='ocrx_word' id='word_1_84' title='bbox 212 1560 347 1608; x_wconf 83' lang='lat' dir='ltr'><strong>movere</strong></span> <span class='ocrx_word' id='word_1_85' title='bbox 369 1542 554 1624; x_wconf 85' lang='lat' dir='ltr'><strong>possituec</strong></span> <span class='ocrx_word' id='word_1_86' title='bbox 578 1541 714 1626; x_wconf 75' lang='lat' dir='ltr'><strong>majori;</strong></span> <span class='ocrx_word' id='word_1_87' title='bbox 731 1543 820 1624; x_wconf 86' lang='lat' dir='ltr'><strong>quod</strong></span> <span class='ocrx_word' id='word_1_88' title='bbox 843 1543 870 1606; x_wconf 90' lang='lat' dir='ltr'><strong>si</strong></span> <span class='ocrx_word' id='word_1_89' title='bbox 893 1542 1062 1609; x_wconf 88' lang='lat' dir='ltr'><strong>additione</strong></span> <span class='ocrx_word' id='word_1_90' title='bbox 1078 1544 1221 1611; x_wconf 87' lang='lat' dir='ltr'><strong>alicuius</strong></span> <span class='ocrx_word' id='word_1_91' title='bbox 1236 1548 1351 1612; x_wconf 88' lang='lat' dir='ltr'><strong>stellae</strong></span> 
     </span>
     <span class='ocr_line' id='line_1_12' title="bbox 213 1659 1349 1743; baseline 0.003 -17"><span class='ocrx_word' id='word_1_92' title='bbox 213 1665 377 1743; x_wconf 77' lang='lat' dir='ltr'><strong>augeatur</strong></span> <span class='ocrx_word' id='word_1_93' title='bbox 397 1659 481 1723; x_wconf 91' lang='lat' dir='ltr'><strong>coeli</strong></span> <span class='ocrx_word' id='word_1_94' title='bbox 504 1659 704 1736; x_wconf 85' lang='lat' dir='ltr'><strong>resistentia,</strong></span> <span class='ocrx_word' id='word_1_95' title='bbox 721 1666 812 1732; x_wconf 88' lang='lat' dir='ltr'><strong>tuno,</strong></span> <span class='ocrx_word' id='word_1_96' title='bbox 828 1659 993 1740; x_wconf 84' lang='lat' dir='ltr'><strong>inquiunt,</strong></span> <span class='ocrx_word' id='word_1_97' title='bbox 1007 1661 1091 1725; x_wconf 90' lang='lat' dir='ltr'><strong>coeli</strong></span> <span class='ocrx_word' id='word_1_98' title='bbox 1109 1667 1219 1729; x_wconf 84' lang='lat' dir='ltr'><strong>motus</strong></span> <span class='ocrx_word' id='word_1_99' title='bbox 1234 1664 1277 1729; x_wconf 91' lang='lat' dir='ltr'><strong>ab</strong></span> <span class='ocrx_word' id='word_1_100' title='bbox 1291 1681 1349 1728; x_wconf 84' lang='lat' dir='ltr'><strong>ea·</strong></span> 
     </span>
     <span class='ocr_line' id='line_1_13' title="bbox 211 1775 1359 1860; baseline 0 -15"><span class='ocrx_word' id='word_1_101' title='bbox 211 1779 287 1845; x_wconf 87' lang='lat' dir='ltr'><strong>dem</strong></span> <span class='ocrx_word' id='word_1_102' title='bbox 311 1778 345 1842; x_wconf 89' lang='lat' dir='ltr'><strong>vi</strong></span> <span class='ocrx_word' id='word_1_103' title='bbox 368 1779 508 1844; x_wconf 88' lang='lat' dir='ltr'><strong>motrice</strong></span> <span class='ocrx_word' id='word_1_104' title='bbox 530 1777 662 1860; x_wconf 76' lang='lat' dir='ltr'><strong>segnior</strong></span> <span class='ocrx_word' id='word_1_105' title='bbox 685 1775 889 1842; x_wconf 83' lang='lat' dir='ltr'><strong>causabitur.</strong></span> <span class='ocrx_word' id='word_1_106' title='bbox 919 1776 1096 1841; x_wconf 84' lang='lat' dir='ltr'><strong>Ducuntur</strong></span> <span class='ocrx_word' id='word_1_107' title='bbox 1116 1784 1251 1851; x_wconf 88' lang='lat' dir='ltr'><strong>autem,</strong></span> <span class='ocrx_word' id='word_1_108' title='bbox 1274 1797 1359 1844; x_wconf 87' lang='lat' dir='ltr'><strong>meo</strong></span> 
     </span>
     <span class='ocr_line' id='line_1_14' title="bbox 207 1895 1346 1978; baseline 0.001 -18"><span class='ocrx_word' id='word_1_109' title='bbox 207 1896 349 1978; x_wconf 73' lang='lat' dir='ltr'><strong>judicio,</strong></span> <span class='ocrx_word' id='word_1_110' title='bbox 371 1895 413 1961; x_wconf 88' lang='lat' dir='ltr'><strong>ad</strong></span> <span class='ocrx_word' id='word_1_111' title='bbox 434 1896 498 1961; x_wconf 89' lang='lat' dir='ltr'><strong>boc</strong></span> <span class='ocrx_word' id='word_1_112' title='bbox 516 1899 563 1961; x_wconf 89' lang='lat' dir='ltr'><strong>ita</strong></span> <span class='ocrx_word' id='word_1_113' title='bbox 578 1895 791 1970; x_wconf 89' lang='lat' dir='ltr'><strong>credendum,</strong></span> <span class='ocrx_word' id='word_1_114' title='bbox 813 1895 894 1975; x_wconf 85' lang='lat' dir='ltr'><strong>quia</strong></span> <span class='ocrx_word' id='word_1_115' title='bbox 913 1895 1025 1961; x_wconf 85' lang='lat' dir='ltr'><strong>vident</strong></span> <span class='ocrx_word' id='word_1_116' title='bbox 1040 1896 1130 1976; x_wconf 88' lang='lat' dir='ltr'><strong>apud</strong></span> <span class='ocrx_word' id='word_1_117' title='bbox 1145 1913 1215 1970; x_wconf 91' lang='lat' dir='ltr'><strong>nos,</strong></span> <span class='ocrx_word' id='word_1_118' title='bbox 1234 1903 1272 1961; x_wconf 88' lang='lat' dir='ltr'><strong>ut</strong></span> <span class='ocrx_word' id='word_1_119' title='bbox 1289 1899 1346 1978; x_wconf 83' lang='lat' dir='ltr'><strong>qui</strong></span> 
     </span>
     <span class='ocr_line' id='line_1_15' title="bbox 213 2013 1347 2096; baseline 0.001 -17"><span class='ocrx_word' id='word_1_120' title='bbox 213 2031 369 2095; x_wconf 75' lang='lat' dir='ltr'><strong>magnam</strong></span> <span class='ocrx_word' id='word_1_121' title='bbox 393 2021 500 2079; x_wconf 87' lang='lat' dir='ltr'><strong>rotam</strong></span> <span class='ocrx_word' id='word_1_122' title='bbox 522 2020 657 2088; x_wconf 90' lang='lat' dir='ltr'><strong>movet,</strong></span> <span class='ocrx_word' id='word_1_123' title='bbox 690 2013 717 2076; x_wconf 87' lang='lat' dir='ltr'><strong>si</strong></span> <span class='ocrx_word' id='word_1_124' title='bbox 752 2028 795 2077; x_wconf 84' lang='lat' dir='ltr'><strong>ex</strong></span> <span class='ocrx_word' id='word_1_125' title='bbox 824 2013 930 2076; x_wconf 84' lang='lat' dir='ltr'><strong>altera</strong></span> <span class='ocrx_word' id='word_1_126' title='bbox 952 2019 1045 2093; x_wconf 88' lang='lat' dir='ltr'><strong>parte</strong></span> <span class='ocrx_word' id='word_1_127' title='bbox 1068 2030 1227 2095; x_wconf 79' lang='lat' dir='ltr'><strong>magnum</strong></span> <span class='ocrx_word' id='word_1_128' title='bbox 1249 2032 1347 2096; x_wconf 83' lang='lat' dir='ltr'><strong>supe-</strong></span> 
     </span>
     <span class='ocr_line' id='line_1_16' title="bbox 210 2130 1348 2215; baseline -0.001 -17"><span class='ocrx_word' id='word_1_129' title='bbox 210 2130 370 2210; x_wconf 82' lang='lat' dir='ltr'><strong>raddatur</strong></span> <span class='ocrx_word' id='word_1_130' title='bbox 393 2132 543 2214; x_wconf 80' lang='lat' dir='ltr'><strong>pondus,</strong></span> <span class='ocrx_word' id='word_1_131' title='bbox 566 2139 645 2202; x_wconf 86' lang='lat' dir='ltr'><strong>tunc</strong></span> <span class='ocrx_word' id='word_1_132' title='bbox 670 2131 777 2215; x_wconf 81' lang='lat' dir='ltr'><strong>magis</strong></span> <span class='ocrx_word' id='word_1_133' title='bbox 802 2130 988 2205; x_wconf 78' lang='lat' dir='ltr'><strong>laborabit,</strong></span> <span class='ocrx_word' id='word_1_134' title='bbox 1011 2135 1071 2194; x_wconf 93' lang='lat' dir='ltr'><strong>aut</strong></span> <span class='ocrx_word' id='word_1_135' title='bbox 1093 2135 1204 2195; x_wconf 91' lang='lat' dir='ltr'><strong>motus</strong></span> <span class='ocrx_word' id='word_1_136' title='bbox 1223 2132 1348 2197; x_wconf 86' lang='lat' dir='ltr'><strong>tardior</strong></span> 
     </span>
     <span class='ocr_line' id='line_1_17' title="bbox 209 2248 1349 2325; baseline 0.004 -12"><span class='ocrx_word' id='word_1_137' title='bbox 209 2250 350 2325; x_wconf 74' lang='lat' dir='ltr'><strong>evadet,</strong></span> <span class='ocrx_word' id='word_1_138' title='bbox 368 2255 557 2316; x_wconf 84' lang='lat' dir='ltr'><strong>nouantem</strong></span> <span class='ocrx_word' id='word_1_139' title='bbox 580 2250 862 2325; x_wconf 86' lang='lat' dir='ltr'><strong>animadvertunt,</strong></span> <span class='ocrx_word' id='word_1_140' title='bbox 877 2265 1015 2315; x_wconf 88' lang='lat' dir='ltr'><strong>causam</strong></span> <span class='ocrx_word' id='word_1_141' title='bbox 1032 2248 1107 2313; x_wconf 82' lang='lat' dir='ltr'><strong>talis</strong></span> <span class='ocrx_word' id='word_1_142' title='bbox 1126 2249 1262 2317; x_wconf 76' lang='lat' dir='ltr'><strong>effectus</strong></span> <span class='ocrx_word' id='word_1_143' title='bbox 1277 2267 1349 2317; x_wconf 81' lang='lat' dir='ltr'><strong>esse</strong></span> 
     </span>
     <span class='ocr_line' id='line_1_18' title="bbox 207 2367 1348 2449; baseline 0 -16"><span class='ocrx_word' id='word_1_144' title='bbox 207 2368 288 2449; x_wconf 76' lang='lat' dir='ltr'><strong>quia</strong></span> <span class='ocrx_word' id='word_1_145' title='bbox 310 2372 384 2430; x_wconf 91' lang='lat' dir='ltr'><strong>rota</strong></span> <span class='ocrx_word' id='word_1_146' title='bbox 407 2372 562 2433; x_wconf 83' lang='lat' dir='ltr'><strong>movetur</strong></span> <span class='ocrx_word' id='word_1_147' title='bbox 585 2372 680 2431; x_wconf 84' lang='lat' dir='ltr'><strong>extra</strong></span> <span class='ocrx_word' id='word_1_148' title='bbox 703 2372 855 2431; x_wconf 86' lang='lat' dir='ltr'><strong>centrum</strong></span> <span class='ocrx_word' id='word_1_149' title='bbox 891 2367 1026 2438; x_wconf 91' lang='lat' dir='ltr'><strong>mundi,</strong></span> <span class='ocrx_word' id='word_1_150' title='bbox 1060 2368 1108 2429; x_wconf 90' lang='lat' dir='ltr'><strong>ita</strong></span> <span class='ocrx_word' id='word_1_151' title='bbox 1145 2371 1200 2430; x_wconf 88' lang='lat' dir='ltr'><strong>ut·</strong></span> <span class='ocrx_word' id='word_1_152' title='bbox 1215 2367 1348 2448; x_wconf 85' lang='lat' dir='ltr'><strong>quando</strong></span> 
     </span>
     <span class='ocr_line' id='line_1_19' title="bbox 208 2486 1346 2568; baseline 0.001 -18"><span class='ocrx_word' id='word_1_153' title='bbox 208 2487 336 2566; x_wconf 84' lang='lat' dir='ltr'><strong>pondus</strong></span> <span class='ocrx_word' id='word_1_154' title='bbox 354 2486 606 2568; x_wconf 82' lang='lat' dir='ltr'><strong>superadditum</strong></span> <span class='ocrx_word' id='word_1_155' title='bbox 627 2505 670 2551; x_wconf 78' lang='lat' dir='ltr'><strong>en</strong></span> <span class='ocrx_word' id='word_1_156' title='bbox 693 2487 761 2552; x_wconf 91' lang='lat' dir='ltr'><strong>imo</strong></span> <span class='ocrx_word' id='word_1_157' title='bbox 783 2490 877 2551; x_wconf 89' lang='lat' dir='ltr'><strong>rotae</strong></span> <span class='ocrx_word' id='word_1_158' title='bbox 901 2486 973 2550; x_wconf 92' lang='lat' dir='ltr'><strong>loco</strong></span> <span class='ocrx_word' id='word_1_159' title='bbox 997 2486 1039 2550; x_wconf 90' lang='lat' dir='ltr'><strong>ad</strong></span> <span class='ocrx_word' id='word_1_160' title='bbox 1062 2502 1255 2567; x_wconf 89' lang='lat' dir='ltr'><strong>supremum</strong></span> <span class='ocrx_word' id='word_1_161' title='bbox 1269 2487 1346 2551; x_wconf 81' lang='lat' dir='ltr'><strong>terri</strong></span> 
     </span>
     <span class='ocr_line' id='line_1_20' title="bbox 208 2602 1347 2684; baseline -0.001 -16"><span class='ocrx_word' id='word_1_162' title='bbox 208 2602 315 2682; x_wconf 74' lang='lat' dir='ltr'><strong>nabet,</strong></span> <span class='ocrx_word' id='word_1_163' title='bbox 338 2607 417 2667; x_wconf 92' lang='lat' dir='ltr'><strong>tunc</strong></span> <span class='ocrx_word' id='word_1_164' title='bbox 441 2610 570 2684; x_wconf 88' lang='lat' dir='ltr'><strong>praeter</strong></span> <span class='ocrx_word' id='word_1_165' title='bbox 593 2610 748 2668; x_wconf 92' lang='lat' dir='ltr'><strong>naturam</strong></span> <span class='ocrx_word' id='word_1_166' title='bbox 772 2609 936 2675; x_wconf 89' lang='lat' dir='ltr'><strong>movetur,</strong></span> <span class='ocrx_word' id='word_1_167' title='bbox 963 2621 1039 2668; x_wconf 90' lang='lat' dir='ltr'><strong>cnm</strong></span> <span class='ocrx_word' id='word_1_168' title='bbox 1066 2620 1199 2667; x_wconf 91' lang='lat' dir='ltr'><strong>sursum</strong></span> <span class='ocrx_word' id='word_1_169' title='bbox 1224 2603 1347 2678; x_wconf 89' lang='lat' dir='ltr'><strong>tendat,</strong></span> 
     </span>
     <span class='ocr_line' id='line_1_21' title="bbox 210 2721 1346 2800; baseline 0 -17"><span class='ocrx_word' id='word_1_170' title='bbox 210 2737 233 2783; x_wconf 91' lang='lat' dir='ltr'><strong>a</strong></span> <span class='ocrx_word' id='word_1_171' title='bbox 254 2721 368 2785; x_wconf 84' lang='lat' dir='ltr'><strong>mundi</strong></span> <span class='ocrx_word' id='word_1_172' title='bbox 398 2727 512 2787; x_wconf 90' lang='lat' dir='ltr'><strong>centro</strong></span> <span class='ocrx_word' id='word_1_173' title='bbox 542 2721 709 2787; x_wconf 83' lang='lat' dir='ltr'><strong>recedens.</strong></span> <span class='ocrx_word' id='word_1_174' title='bbox 743 2722 838 2800; x_wconf 84' lang='lat' dir='ltr'><strong>Quod</strong></span> <span class='ocrx_word' id='word_1_175' title='bbox 860 2722 888 2785; x_wconf 84' lang='lat' dir='ltr'><strong>ai</strong></span> <span class='ocrx_word' id='word_1_176' title='bbox 911 2727 983 2786; x_wconf 91' lang='lat' dir='ltr'><strong>rota</strong></span> <span class='ocrx_word' id='word_1_177' title='bbox 1007 2738 1107 2800; x_wconf 88' lang='lat' dir='ltr'><strong>supra</strong></span> <span class='ocrx_word' id='word_1_178' title='bbox 1131 2721 1245 2793; x_wconf 89' lang='lat' dir='ltr'><strong>mundi</strong></span> <span class='ocrx_word' id='word_1_179' title='bbox 1266 2739 1346 2784; x_wconf 90' lang='lat' dir='ltr'><strong>cen·</strong></span> 
     </span>
     <span class='ocr_line' id='line_1_22' title="bbox 211 2838 1354 2922; baseline 0.006 -22"><span class='ocrx_word' id='word_1_180' title='bbox 211 2843 304 2902; x_wconf 87' lang='lat' dir='ltr'><strong>trum</strong></span> <span class='ocrx_word' id='word_1_181' title='bbox 326 2838 629 2922; x_wconf 72' lang='lat' dir='ltr'><strong>circumageretur,</strong></span> <span class='ocrx_word' id='word_1_182' title='bbox 651 2841 726 2920; x_wconf 88' lang='lat' dir='ltr'><strong>quis</strong></span> <span class='ocrx_word' id='word_1_183' title='bbox 749 2856 897 2920; x_wconf 91' lang='lat' dir='ltr'><strong>uuquam</strong></span> <span class='ocrx_word' id='word_1_184' title='bbox 919 2839 1042 2903; x_wconf 77' lang='lat' dir='ltr'><strong>dixerit</strong></span> <span class='ocrx_word' id='word_1_185' title='bbox 1063 2856 1136 2905; x_wconf 86' lang='lat' dir='ltr'><strong>eam</strong></span> <span class='ocrx_word' id='word_1_186' title='bbox 1160 2856 1181 2903; x_wconf 88' lang='lat' dir='ltr'><strong>a</strong></span> <span class='ocrx_word' id='word_1_187' title='bbox 1204 2839 1354 2920; x_wconf 84' lang='lat' dir='ltr'><strong>pondere¹</strong></span> 
     </span>
     <span class='ocr_line' id='line_1_23' title="bbox 210 2956 1344 3040; baseline -0.001 -15"><span class='ocrx_word' id='word_1_188' title='bbox 210 2956 386 3038; x_wconf 84' lang='lat' dir='ltr'><strong>impediri,</strong></span> <span class='ocrx_word' id='word_1_189' title='bbox 408 2975 484 3024; x_wconf 91' lang='lat' dir='ltr'><strong>cum</strong></span> <span class='ocrx_word' id='word_1_190' title='bbox 509 2958 637 3040; x_wconf 90' lang='lat' dir='ltr'><strong>pondus</strong></span> <span class='ocrx_word' id='word_1_191' title='bbox 660 2960 693 3023; x_wconf 90' lang='lat' dir='ltr'><strong>in</strong></span> <span class='ocrx_word' id='word_1_192' title='bbox 716 2959 934 3022; x_wconf 82' lang='lat' dir='ltr'><strong>circulatione</strong></span> <span class='ocrx_word' id='word_1_193' title='bbox 955 2975 1016 3022; x_wconf 87' lang='lat' dir='ltr'><strong>neo</strong></span> <span class='ocrx_word' id='word_1_194' title='bbox 1039 2957 1176 3022; x_wconf 88' lang='lat' dir='ltr'><strong>accedat</strong></span> <span class='ocrx_word' id='word_1_195' title='bbox 1205 2975 1265 3022; x_wconf 88' lang='lat' dir='ltr'><strong>nec</strong></span> <span class='ocrx_word' id='word_1_196' title='bbox 1292 2976 1344 3024; x_wconf 83' lang='lat' dir='ltr'><strong>re·</strong></span> 
     </span>
     <span class='ocr_line' id='line_1_24' title="bbox 209 3076 1352 3158; baseline -0.001 -15"><span class='ocrx_word' id='word_1_197' title='bbox 209 3076 306 3143; x_wconf 82' lang='lat' dir='ltr'><strong>cedat</strong></span> <span class='ocrx_word' id='word_1_198' title='bbox 319 3094 341 3140; x_wconf 89' lang='lat' dir='ltr'><strong>a</strong></span> <span class='ocrx_word' id='word_1_199' title='bbox 356 3079 470 3143; x_wconf 92' lang='lat' dir='ltr'><strong>mundi</strong></span> <span class='ocrx_word' id='word_1_200' title='bbox 492 3078 626 3143; x_wconf 76' lang='lat' dir='ltr'><strong>centro?</strong></span> <span class='ocrx_word' id='word_1_201' title='bbox 647 3079 723 3145; x_wconf 81' lang='lat' dir='ltr'><strong>Pari</strong></span> <span class='ocrx_word' id='word_1_202' title='bbox 743 3079 871 3142; x_wconf 87' lang='lat' dir='ltr'><strong>ratione</strong></span> <span class='ocrx_word' id='word_1_203' title='bbox 887 3080 927 3141; x_wconf 81' lang='lat' dir='ltr'><strong>(lo</strong></span> <span class='ocrx_word' id='word_1_204' title='bbox 941 3079 1035 3144; x_wconf 89' lang='lat' dir='ltr'><strong>noeto</strong></span> <span class='ocrx_word' id='word_1_205' title='bbox 1052 3081 1102 3141; x_wconf 87' lang='lat' dir='ltr'><strong>est</strong></span> <span class='ocrx_word' id='word_1_206' title='bbox 1113 3076 1352 3158; x_wconf 71' lang='lat' dir='ltr'><strong>judicandum</strong></span> 
     </span>
     <span class='ocr_line' id='line_1_25' title="bbox 209 3194 1346 3278; baseline -0.004 -15"><span class='ocrx_word' id='word_1_207' title='bbox 209 3199 287 3269; x_wconf 80' lang='lat' dir='ltr'><strong>tuuc</strong></span> <span class='ocrx_word' id='word_1_208' title='bbox 305 3196 394 3260; x_wconf 92' lang='lat' dir='ltr'><strong>enim</strong></span> <span class='ocrx_word' id='word_1_209' title='bbox 413 3197 509 3261; x_wconf 89' lang='lat' dir='ltr'><strong>stella</strong></span> <span class='ocrx_word' id='word_1_210' title='bbox 534 3202 661 3262; x_wconf 92' lang='lat' dir='ltr'><strong>motum</strong></span> <span class='ocrx_word' id='word_1_211' title='bbox 684 3198 853 3262; x_wconf 88' lang='lat' dir='ltr'><strong>retardare</strong></span> <span class='ocrx_word' id='word_1_212' title='bbox 876 3197 1006 3278; x_wconf 88' lang='lat' dir='ltr'><strong>poterit,</strong></span> <span class='ocrx_word' id='word_1_213' title='bbox 1029 3196 1161 3277; x_wconf 82' lang='lat' dir='ltr'><strong>quando</strong></span> <span class='ocrx_word' id='word_1_214' title='bbox 1179 3214 1199 3258; x_wconf 86' lang='lat' dir='ltr'><strong>a</strong></span> <span class='ocrx_word' id='word_1_215' title='bbox 1214 3196 1288 3260; x_wconf 92' lang='lat' dir='ltr'><strong>loco</strong></span> <span class='ocrx_word' id='word_1_216' title='bbox 1303 3194 1346 3258; x_wconf 89' lang='lat' dir='ltr'><strong>nd</strong></span> 
     </span>
     <span class='ocr_line' id='line_1_26' title="bbox 207 3313 1344 3394; baseline -0.004 -16"><span class='ocrx_word' id='word_1_217' title='bbox 207 3330 304 3394; x_wconf 78' lang='lat' dir='ltr'><strong>quem</strong></span> <span class='ocrx_word' id='word_1_218' title='bbox 326 3316 523 3380; x_wconf 88' lang='lat' dir='ltr'><strong>naturaliter</strong></span> <span class='ocrx_word' id='word_1_219' title='bbox 546 3316 692 3381; x_wconf 81' lang='lat' dir='ltr'><strong>tenderet</strong></span> <span class='ocrx_word' id='word_1_220' title='bbox 711 3316 953 3380; x_wconf 81' lang='lat' dir='ltr'><strong>removebitur:</strong></span> <span class='ocrx_word' id='word_1_221' title='bbox 967 3315 1204 3394; x_wconf 84' lang='lat' dir='ltr'><strong>sednuuquam</strong></span> <span class='ocrx_word' id='word_1_222' title='bbox 1229 3313 1291 3376; x_wconf 88' lang='lat' dir='ltr'><strong>boc</strong></span> <span class='ocrx_word' id='word_1_223' title='bbox 1310 3314 1344 3375; x_wconf 92' lang='lat' dir='ltr'><strong>in</strong></span> 
     </span>
     <span class='ocr_line' id='line_1_27' title="bbox 206 3415 1344 3514; baseline 0 -19"><span class='ocrx_word' id='word_1_224' title='bbox 206 3415 424 3499; x_wconf 78' lang='lat' dir='ltr'><strong>circulatione</strong></span> <span class='ocrx_word' id='word_1_225' title='bbox 445 3435 534 3503; x_wconf 85' lang='lat' dir='ltr'><strong>lacta</strong></span> <span class='ocrx_word' id='word_1_226' title='bbox 549 3437 640 3500; x_wconf 88' lang='lat' dir='ltr'><strong>circa</strong></span> <span class='ocrx_word' id='word_1_227' title='bbox 659 3435 772 3500; x_wconf 90' lang='lat' dir='ltr'><strong>mundi</strong></span> <span class='ocrx_word' id='word_1_228' title='bbox 792 3439 944 3498; x_wconf 87' lang='lat' dir='ltr'><strong>centrum</strong></span> <span class='ocrx_word' id='word_1_229' title='bbox 965 3433 1140 3514; x_wconf 78' lang='lat' dir='ltr'><strong>contingit,</strong></span> <span class='ocrx_word' id='word_1_230' title='bbox 1162 3433 1240 3512; x_wconf 78' lang='lat' dir='ltr'><strong>quia</strong></span> <span class='ocrx_word' id='word_1_231' title='bbox 1257 3449 1344 3495; x_wconf 82' lang='lat' dir='ltr'><strong>nun-</strong></span> 
     </span>
     <span class='ocr_line' id='line_1_28' title="bbox 206 3546 1344 3636; baseline -0.003 -19"><span class='ocrx_word' id='word_1_232' title='bbox 206 3567 307 3629; x_wconf 79' lang='lat' dir='ltr'><strong>qnam</strong></span> <span class='ocrx_word' id='word_1_233' title='bbox 329 3567 461 3618; x_wconf 84' lang='lat' dir='ltr'><strong>sursum</strong></span> <span class='ocrx_word' id='word_1_234' title='bbox 484 3560 518 3616; x_wconf 88' lang='lat' dir='ltr'><strong>et</strong></span> <span class='ocrx_word' id='word_1_235' title='bbox 539 3570 708 3634; x_wconf 84' lang='lat' dir='ltr'><strong>nunquam</strong></span> <span class='ocrx_word' id='word_1_236' title='bbox 731 3553 883 3618; x_wconf 89' lang='lat' dir='ltr'><strong>deorsum</strong></span> <span class='ocrx_word' id='word_1_237' title='bbox 906 3557 1081 3623; x_wconf 64' lang='lat' dir='ltr'><strong>moretum</strong></span> <span class='ocrx_word' id='word_1_238' title='bbox 1111 3568 1178 3615; x_wconf 90' lang='lat' dir='ltr'><strong>nou</strong></span> <span class='ocrx_word' id='word_1_239' title='bbox 1201 3568 1280 3636; x_wconf 74' lang='lat' dir='ltr'><strong>ergo</strong></span> <span class='ocrx_word' id='word_1_240' title='bbox 1300 3546 1344 3615; x_wconf 77' lang='lat' dir='ltr'><strong>eri</strong></span> 
     </span>
     <span class='ocr_line' id='line_1_29' title="bbox 207 3670 865 3739; baseline -0.005 -1"><span class='ocrx_word' id='word_1_241' title='bbox 207 3670 323 3738; x_wconf 79' lang='lat' dir='ltr'><strong>atellae</strong></span> <span class='ocrx_word' id='word_1_242' title='bbox 344 3671 514 3737; x_wconf 88' lang='lat' dir='ltr'><strong>additione</strong></span> <span class='ocrx_word' id='word_1_243' title='bbox 537 3681 646 3739; x_wconf 88' lang='lat' dir='ltr'><strong>motus</strong></span> <span class='ocrx_word' id='word_1_244' title='bbox 668 3674 865 3739; x_wconf 89' lang='lat' dir='ltr'><strong>tardabitur.</strong></span> 
     </span>
    </p>

    <p class='ocr_par' dir='ltr' id='par_1_3' title="bbox 208 3788 1345 4103">
     <span class='ocr_line' id='line_1_30' title="bbox 298 3788 1342 3874; baseline -0.002 -21"><span class='ocrx_word' id='word_1_245' title='bbox 298 3788 350 3853; x_wconf 77' lang='lat' dir='ltr'><strong>nd</strong></span> <span class='ocrx_word' id='word_1_246' title='bbox 374 3790 577 3865; x_wconf 76' lang='lat' dir='ltr'><strong>secundum,</strong></span> <span class='ocrx_word' id='word_1_247' title='bbox 611 3792 701 3874; x_wconf 84' lang='lat' dir='ltr'><strong>quod</strong></span> <span class='ocrx_word' id='word_1_248' title='bbox 720 3808 819 3872; x_wconf 85' lang='lat' dir='ltr'><strong>supra</strong></span> <span class='ocrx_word' id='word_1_249' title='bbox 842 3791 1083 3871; x_wconf 85' lang='lat' dir='ltr'><strong>quaerebatur,</strong></span> <span class='ocrx_word' id='word_1_250' title='bbox 1113 3806 1179 3852; x_wconf 91' lang='lat' dir='ltr'><strong>non</strong></span> <span class='ocrx_word' id='word_1_251' title='bbox 1208 3794 1258 3852; x_wconf 86' lang='lat' dir='ltr'><strong>est</strong></span> <span class='ocrx_word' id='word_1_252' title='bbox 1288 3788 1342 3858; x_wconf 82' lang='lat' dir='ltr'><strong>bic</strong></span> 
     </span>
     <span class='ocr_line' id='line_1_31' title="bbox 208 3905 1344 3989; baseline 0.002 -21"><span class='ocrx_word' id='word_1_253' title='bbox 208 3905 430 3985; x_wconf 80' lang='lat' dir='ltr'><strong>responsionis</strong></span> <span class='ocrx_word' id='word_1_254' title='bbox 442 3908 556 3982; x_wconf 86' lang='lat' dir='ltr'><strong>locus;</strong></span> <span class='ocrx_word' id='word_1_255' title='bbox 573 3910 750 3975; x_wconf 84' lang='lat' dir='ltr'><strong>ridendum</strong></span> <span class='ocrx_word' id='word_1_256' title='bbox 766 3909 855 3973; x_wconf 89' lang='lat' dir='ltr'><strong>euim</strong></span> <span class='ocrx_word' id='word_1_257' title='bbox 870 3908 960 3989; x_wconf 83' lang='lat' dir='ltr'><strong>prius</strong></span> <span class='ocrx_word' id='word_1_258' title='bbox 982 3913 1033 3971; x_wconf 76' lang='lat' dir='ltr'><strong>eat</strong></span> <span class='ocrx_word' id='word_1_259' title='bbox 1056 3922 1076 3974; x_wconf 82' lang='lat' dir='ltr'><strong>a</strong></span> <span class='ocrx_word' id='word_1_260' title='bbox 1097 3924 1164 3987; x_wconf 73' lang='lat' dir='ltr'><strong>quo</strong></span> <span class='ocrx_word' id='word_1_261' title='bbox 1185 3923 1344 3970; x_wconf 85' lang='lat' dir='ltr'><strong>movean-</strong></span> 
     </span>
     <span class='ocr_line' id='line_1_32' title="bbox 209 4022 1345 4103; baseline -0.004 -12"><span class='ocrx_word' id='word_1_262' title='bbox 209 4026 264 4091; x_wconf 79' lang='lat' dir='ltr'><strong>tur</strong></span> <span class='ocrx_word' id='word_1_263' title='bbox 285 4041 369 4103; x_wconf 74' lang='lat' dir='ltr'><strong>quaa</strong></span> <span class='ocrx_word' id='word_1_264' title='bbox 391 4043 457 4089; x_wconf 94' lang='lat' dir='ltr'><strong>nou</strong></span> <span class='ocrx_word' id='word_1_265' title='bbox 480 4027 676 4091; x_wconf 86' lang='lat' dir='ltr'><strong>naturaliter</strong></span> <span class='ocrx_word' id='word_1_266' title='bbox 697 4031 882 4093; x_wconf 85' lang='lat' dir='ltr'><strong>moventur.</strong></span> <span class='ocrx_word' id='word_1_267' title='bbox 918 4025 964 4095; x_wconf 84' lang='lat' dir='ltr'><strong>ln.</strong></span> <span class='ocrx_word' id='word_1_268' title='bbox 983 4029 1076 4096; x_wconf 80' lang='lat' dir='ltr'><strong>motu</strong></span> <span class='ocrx_word' id='word_1_269' title='bbox 1097 4024 1211 4088; x_wconf 88' lang='lat' dir='ltr'><strong>itidem</strong></span> <span class='ocrx_word' id='word_1_270' title='bbox 1234 4022 1345 4086; x_wconf 88' lang='lat' dir='ltr'><strong>circu·</strong></span> 
     </span>
    </p>
   </div>
   <div class='ocr_carea' id='block_1_3' title="bbox 207 4138 1344 4470">
    <p class='ocr_par' dir='ltr' id='par_1_4' title="bbox 207 4138 1344 4470">
     <span class='ocr_line' id='line_1_33' title="bbox 209 4138 1344 4246; baseline -0.004 -36"><span class='ocrx_word' id='word_1_271' title='bbox 209 4138 282 4212; x_wconf 69' lang='lat' dir='ltr'><strong>iuri.</strong></span> <span class='ocrx_word' id='word_1_272' title='bbox 299 4143 355 4221; x_wconf 74' lang='lat' dir='ltr'><strong>uui</strong></span> <span class='ocrx_word' id='word_1_273' title='bbox 371 4151 467 4212; x_wconf 79' lang='lat' dir='ltr'><strong>extra</strong></span> <span class='ocrx_word' id='word_1_274' title='bbox 483 4144 597 4228; x_wconf 85' lang='lat' dir='ltr'><strong>mnudi</strong></span> <span class='ocrx_word' id='word_1_275' title='bbox 616 4151 765 4211; x_wconf 86' lang='lat' dir='ltr'><strong>centrum</strong></span> <span class='ocrx_word' id='word_1_276' title='bbox 785 4145 845 4218; x_wconf 86' lang='lat' dir='ltr'><strong>tit,</strong></span> <span class='ocrx_word' id='word_1_277' title='bbox 862 4150 912 4208; x_wconf 83' lang='lat' dir='ltr'><strong>cst</strong></span> <span class='ocrx_word' id='word_1_278' title='bbox 927 4142 1196 4226; x_wconf 79' lang='lat' dir='ltr'><strong>distinguendum</strong></span> <span class='ocrx_word' id='word_1_279' title='bbox 1213 4141 1253 4246; x_wconf 79' lang='lat' dir='ltr'><strong>de</strong></span> <span class='ocrx_word' id='word_1_280' title='bbox 1271 4156 1344 4205; x_wconf 89' lang='lat' dir='ltr'><strong>mo·</strong></span> 
     </span>
     <span class='ocr_line' id='line_1_34' title="bbox 207 4255 1343 4344; baseline 0.003 -26"><span class='ocrx_word' id='word_1_281' title='bbox 207 4257 280 4333; x_wconf 91' lang='lat' dir='ltr'><strong>bili,</strong></span> <span class='ocrx_word' id='word_1_282' title='bbox 299 4277 340 4322; x_wconf 88' lang='lat' dir='ltr'><strong>an</strong></span> <span class='ocrx_word' id='word_1_283' title='bbox 357 4262 484 4326; x_wconf 86' lang='lat' dir='ltr'><strong>scilicet</strong></span> <span class='ocrx_word' id='word_1_284' title='bbox 499 4263 721 4327; x_wconf 90' lang='lat' dir='ltr'><strong>consimilium</strong></span> <span class='ocrx_word' id='word_1_285' title='bbox 738 4265 779 4327; x_wconf 89' lang='lat' dir='ltr'><strong>sit</strong></span> <span class='ocrx_word' id='word_1_286' title='bbox 795 4264 938 4344; x_wconf 88' lang='lat' dir='ltr'><strong>partium</strong></span> <span class='ocrx_word' id='word_1_287' title='bbox 955 4262 1005 4327; x_wconf 87' lang='lat' dir='ltr'><strong>vet</strong></span> <span class='ocrx_word' id='word_1_288' title='bbox 1019 4261 1243 4332; x_wconf 69' lang='lat' dir='ltr'><strong>dissimilium</strong></span> <span class='ocrx_word' id='word_1_289' title='bbox 1254 4255 1343 4340; x_wconf 86' lang='lat' dir='ltr'><strong>quod</strong></span> 
     </span>
     <span class='ocr_line' id='line_1_35' title="bbox 208 4375 1342 4470; baseline 0.002 -35"><span class='ocrx_word' id='word_1_290' title='bbox 208 4375 235 4435; x_wconf 85' lang='lat' dir='ltr'><strong>si</strong></span> <span class='ocrx_word' id='word_1_291' title='bbox 262 4379 381 4443; x_wconf 87' lang='lat' dir='ltr'><strong>mobile</strong></span> <span class='ocrx_word' id='word_1_292' title='bbox 405 4381 448 4443; x_wconf 90' lang='lat' dir='ltr'><strong>sit</strong></span> <span class='ocrx_word' id='word_1_293' title='bbox 471 4380 694 4444; x_wconf 86' lang='lat' dir='ltr'><strong>consimilium</strong></span> <span class='ocrx_word' id='word_1_294' title='bbox 718 4381 872 4470; x_wconf 78' lang='lat' dir='ltr'><strong>partium,</strong></span> <span class='ocrx_word' id='word_1_295' title='bbox 892 4384 938 4454; x_wconf 93' lang='lat' dir='ltr'><strong>ut,</strong></span> <span class='ocrx_word' id='word_1_296' title='bbox 957 4380 1049 4445; x_wconf 86' lang='lat' dir='ltr'><strong>verbi</strong></span> <span class='ocrx_word' id='word_1_297' title='bbox 1069 4379 1187 4460; x_wconf 69' lang='lat' dir='ltr'><strong>gratia</strong></span> <span class='ocrx_word' id='word_1_298' title='bbox 1203 4376 1342 4457; x_wconf 86' lang='lat' dir='ltr'><strong>sphaera</strong></span> 
     </span>
    </p>
   </div>
   <div class='ocr_carea' id='block_1_4' title="bbox 0 0 1564 5168">
    <p class='ocr_par' dir='ltr' id='par_1_5' title="bbox 0 0 1564 5168">
     <span class='ocr_line' id='line_1_36' title="bbox 0 0 1564 5168; baseline 0 0"><span class='ocrx_word' id='word_1_299' title='bbox 0 0 1564 5168; x_wconf 95' lang='lat' dir='ltr'><strong> </strong></span> 
     </span>
    </p>
   </div>
  </div>
 </body>
</html>
