3120 5168
528 395 687 444 canaonas
710 396 751 444 aa
776 395 856 443 aare
883 394 1030 443 enartun.
1296 381 1340 446 73

211 536 253 600 tis
279 532 355 606 ab,
378 537 411 594 et
434 532 480 595 sic
505 531 538 593 iu
563 529 730 593 inlinitum
756 531 812 592 tiat
838 535 1075 611 augumentum
1109 546 1163 609 per
1194 529 1340 611 singulos

209 651 385 716 milliarios
420 644 602 712 seeundum
636 647 768 710 tertiam
810 650 936 727 partem
974 648 1167 730 augumenti
1207 663 1340 726 praece·

209 768 318 833 dentis
341 765 512 838 milliarii;
535 769 567 826 et
590 780 718 844 semper
740 767 829 826 certe
853 763 1029 844 augebitur
1059 761 1232 835 celeritas,
1255 780 1339 827 uun-

207 896 310 966 quam
322 888 432 947 tamen
446 884 537 944 tanta
554 878 618 942 erit
629 883 754 959 quanta
768 882 817 942 eet
833 877 900 953 (tl),
916 877 973 941 aed
990 893 1119 959 semper
1140 877 1272 942 deliciet
1290 879 1342 941 di·

209 996 350 1064 midium
361 996 472 1061 ultimi
485 994 808 1078 augumentitbujus
820 999 932 1058 autem
944 993 1182 1058 demonstratio
1194 995 1340 1059 sitbaec.

210 1117 283 1183 Stet
305 1121 530 1196 quotcumque
551 1111 737 1175 celeritates
757 1111 936 1176 continuae
958 1111 992 1173 tn
1016 1111 1115 1191 tripla
1134 1112 1343 1193 proportione

211 1235 274 1303 alt,
300 1231 363 1306 BC,
386 1232 442 1298 Gll
466 1225 525 1315 (l),
548 1243 691 1312 quarum
715 1229 862 1293 maxima
886 1230 928 1293 sit
954 1229 1023 1300 all,
1045 1229 1143 1310 cuius
1166 1232 1342 1310 sexqueal·

208 1358 279 1415 tera
302 1350 346 1413 slt
369 1350 437 1414 Ed.
461 1348 554 1423 llice,
577 1357 691 1411 omnes
713 1344 960 1428 magnitudines
982 1347 1049 1419 llll,
1073 1347 1135 1422 ec,
1158 1348 1223 1424 CI),
1243 1349 1341 1412 simul

210 1480 290 1534 eum
313 1468 452 1532 dimidia
475 1466 540 1543 cu,
564 1468 719 1547 aequales
742 1481 813 1530 esse
835 1466 897 1546 ipsl
932 1466 1012 1538 Eat
1048 1466 1127 1545 quia
1161 1468 1250 1530 enim
1284 1467 1342 1531 Ed

212 1584 442 1668 sexquealtera
464 1589 521 1658 est
536 1584 603 1658 ΑΒ,
636 1584 699 1647 erit
723 1582 778 1647 AB
800 1599 877 1646 cum
901 1600 962 1647 sua
985 1582 1160 1646 medietate
1195 1584 1344 1665 aequalis

212 1707 280 1782 au,
303 1710 336 1771 et
358 1705 436 1787 quia
460 1705 515 1768 ab
537 1707 587 1766 est
610 1700 709 1784 tripla
732 1702 795 1778 Bc,
818 1703 881 1766 erit
903 1700 955 1767 BC
978 1715 1056 1766 oum
1080 1715 1140 1764 sua
1167 1702 1344 1766 medietate

159 1842 161 1856 ¹
213 1821 363 1902 aequalis
385 1819 544 1884 dimidiae
567 1820 642 1883 AB:
667 1823 702 1881 at
723 1819 985 1883 demonstratum
1007 1823 1057 1882 est
1088 1819 1143 1883 ΑΒ
1169 1835 1246 1881 eum
1280 1837 1340 1885 sua

213 1939 390 2003 medietate
409 1938 547 2019 aequari
572 1931 640 2012 aa,
661 1947 741 2020 ergo
763 1936 846 2006 aaa
863 1948 940 2001 cum
960 1936 1136 2001 medietate
1151 1938 1202 2003 lltl
1220 1952 1344 2019 aequa-

215 2063 271 2120 tur
294 2056 355 2137 ipsi
380 2056 445 2120 dli.
470 2056 577 2121 Simili
601 2060 712 2119 autem
741 2056 854 2132 modo,
879 2055 958 2136 quia
982 2053 1034 2121 BG
1057 2044 1156 2136 tripla
1189 2060 1239 2120 est
1269 2055 1346 2130 cu,

212 2175 276 2238 erit
298 2174 354 2241 (ill
375 2191 452 2238 cum
475 2189 537 2237 aua
566 2172 744 2238 medietate
766 2173 915 2255 aequalis
938 2172 1095 2237 dimidiae
1118 2173 1191 2240 llll:
1227 2186 1344 2238 rerum

213 2295 282 2355 tota
317 2288 372 2356 AG
405 2300 482 2352 cum
518 2288 657 2352 dimidia
683 2288 733 2354 lltl
761 2289 986 2353 demonstrata
1019 2294 1069 2352 est
1092 2291 1240 2371 aequalis
1265 2290 1345 2364 ΑΕ,

212 2422 294 2492 ergo
326 2411 359 2470 et
385 2412 456 2470 tota
490 2407 570 2481 AD,
603 2420 682 2469 cum
716 2404 856 2468 dimidia
878 2404 956 2477 DC,
978 2406 1176 2487 aequabitur
1210 2405 1289 2479 dli:
1313 2413 1345 2517 et

210 2527 327 2592 eadem
360 2524 642 2590 demonstratione
667 2536 796 2605 semper
829 2524 967 2605 repetita
991 2523 1259 2600 demostrabuur,
1285 2541 1341 2588 ce-

213 2641 368 2719 latitantes,
379 2648 593 2726 quotcunque
608 2642 687 2704 illae
703 2640 837 2715 tumim,
860 2641 892 2704 tn
914 2639 1012 2720 tripla
1032 2642 1241 2721 proportione
1259 2660 1341 2706 con-

215 2760 308 2823 tinue
338 2756 598 2842 proportionales
631 2758 730 2822 simul
766 2763 933 2838 sumptae,
966 2771 1034 2821 una
1056 2774 1132 2822 cum
1167 2759 1343 2823 medietate

213 2889 344 2952 earum,
376 2879 512 2944 minium
545 2879 700 2959 aequales
733 2894 804 2941 esse
838 2877 868 2939 ei
902 2877 1076 2948 celeritati,
1109 2893 1194 2958 quae
1228 2892 1344 2943 earum
1443 2933 1445 2936 .

214 2997 384 3062 maximae
422 2998 603 3062 celeritatis
635 2996 864 3078 sexquealtera
888 2994 996 3061 luerit.
1031 2996 1128 3074 Quod
1152 2998 1180 3059 si
1203 2998 1250 3060 ita
1273 3005 1344 3071 eat,

212 3120 312 3198 patet,
330 3117 518 3181 celeritates
539 3127 654 3181 omnes
671 3116 707 3179 in
725 3116 824 3197 tripla
842 3117 1054 3197 proportione
1071 3121 1223 3198 sumptas
1242 3117 1341 3181 simul

211 3237 355 3300 minores
393 3251 465 3299 esse
501 3248 603 3316 quam
639 3234 891 3311 catecumina,
923 3248 1009 3316 quae
1042 3251 1160 3299 earum
1193 3235 1342 3300 maxima

208 3356 439 3434 sexquealtera
461 3352 580 3427 luerit,
602 3365 681 3419 cum
705 3370 834 3436 semper
856 3355 899 3417 ab
920 3371 960 3418 ea
982 3345 1140 3419 dedeiant
1162 3370 1220 3436 per
1242 3355 1342 3419 dimi·

210 3471 304 3536 dium
338 3472 497 3536 minimae
531 3473 736 3538 celeritatis:
769 3479 898 3538 constal
932 3491 1010 3558 ergo
1036 3474 1202 3554 quomodo
1223 3474 1342 3538 eeleri-

209 3594 260 3653 tus
296 3591 351 3655 all
386 3593 488 3673 possit
511 3593 545 3656 iu
564 3591 733 3658 inlinitum
757 3601 885 3674 semper
908 3593 1119 3676 angeriaco
1144 3600 1253 3658 tamen
1279 3611 1341 3659 un·

207 3722 309 3789 quarn
333 3715 494 3791 aequetm
508 3711 671 3776 celeritati
687 3711 755 3776 all.
767 3711 1013 3778 concludamus
1031 3712 1146 3795 igitur,
1164 3713 1198 3776 in
1216 3711 1341 3787 mobili,

208 3826 251 3890 ob
272 3826 420 3890 rationes
438 3827 753 3907 pautaliensem
771 3834 900 3909 semper
919 3827 1034 3910 augeri
1048 3827 1270 3905 uelocitatem,
1282 3830 1339 3893 sed

208 3944 354 4007 derenlri
379 3943 422 4006 ad
444 3947 570 4009 motum
601 3946 788 4026 quendam,
817 3961 885 4027 quo
909 3946 1111 4011 velociorem
1143 3945 1341 4011 naturaliter

207 4074 274 4123 non
307 4063 433 4142 patitur
450 4061 521 4144 ejus
546 4064 722 4128 terminata
745 4065 903 4146 gravitas.
927 4065 1022 4143 Quod
1047 4065 1073 4128 si
1097 4065 1197 4128 etiam
1217 4082 1337 4128 couce-

207 4175 341 4242 deretur
362 4179 434 4262 ejus
457 4180 669 4248 velocitatem
691 4198 819 4265 semper
841 4182 965 4248 intendi
990 4184 1024 4246 in
1053 4180 1235 4258 inlinitum,
1271 4201 1336 4246 non

206 4300 317 4363 tamen
340 4298 383 4363 ad
407 4299 573 4367 infinitam
593 4298 805 4367 velocitatem
827 4301 1068 4370 deveniendum
1092 4307 1187 4366 esset.

285 4443 318 4500 tu
333 4442 398 4492 aaa.
415 4443 436 4497 t,
455 4443 509 4504 st..
525 4447 566 4495 aa.

291 4528 419 4589 Gaurano
439 4533 564 4590 Gattaei.
586 4567 618 4578 -
637 4537 668 4592 'l'.
692 4537 740 4592 lit.
1183 4545 1215 4591 ttl
