3120 5168
438 353 597 400 senenses
624 353 664 400 ne
690 354 769 400 soso
796 355 947 402 cnevius.
1217 345 1254 407 tt

125 494 194 550 tum
216 503 294 548 cum
310 485 353 547 sit
367 485 540 547 circularis
553 482 614 568 (1);
632 501 710 548 cum
728 486 816 548 enim
836 486 939 549 motui
961 486 1104 549 violento
1123 495 1275 552 contras

125 607 229 669 rietur
251 603 438 675 naturalis,
463 595 565 667 motui
592 620 669 667 vero
691 603 848 667 circuisti
874 609 983 667 motus
1010 608 1195 670 contrarius
1217 609 1260 672 sit

124 719 248 794 nntius,
270 717 443 784 circularis
466 725 573 783 moins
597 718 763 781 violentus
786 719 878 782 nutio
901 726 996 800 pacto
1019 722 1104 792 eritz
1126 728 1159 783 et
1181 740 1259 787 cum

125 854 189 900 non
213 838 257 900 sit
271 834 458 910 violentus,
480 836 713 916 consequentia
729 853 830 915 quam
845 853 888 899 en
905 844 996 900 motu
1021 837 1180 918 sphaerae
1203 839 1262 902 de-
1396 849 1400 856 '

125 956 221 1020 ducis
244 954 368 1018 nultius
390 955 452 1017 erit
477 955 646 1018 momenti.

213 1080 417 1138 Ausucum.
465 1073 557 1136 Hane
574 1075 818 1153 responsionem
838 1074 1033 1156 impugnare
1052 1075 1175 1139 nuttios
1198 1077 1261 1139 erit

124 1192 277 1274 negociit
298 1208 377 1257 cum
400 1191 488 1253 enim
512 1189 627 1252 dicunt
650 1197 778 1254 motum
802 1191 985 1254 violentum
1008 1191 1080 1256 deri
1105 1192 1265 1265 emedio.

125 1327 191 1374 non
212 1310 402 1392 inietiignnt
425 1314 554 1371 tuntum
576 1309 617 1370 de
639 1316 733 1372 motu
748 1308 806 1372 iiio
821 1311 879 1388 qui
903 1310 1048 1374 naturali
1071 1328 1113 1375 ex
1132 1310 1262 1375 disme-

124 1431 176 1491 tro
195 1427 394 1508 opponitur,
426 1427 483 1489 sed
511 1426 551 1488 de
584 1443 780 1506 quocunque
808 1434 899 1491 motu
921 1428 979 1508 qui
1001 1429 1164 1492 ontnrstts
1199 1445 1265 1492 non

125 1547 182 1622 sit,
205 1545 331 1610 seilicet
352 1545 393 1608 de
415 1545 562 1608 violento
583 1550 617 1607 et
640 1545 757 1607 mixto.
780 1544 930 1626 Namque
952 1546 1061 1609 dicere
1084 1565 1116 1608 v.
1147 1565 1177 1628 g.
1212 1545 1263 1608 ta·

20 1701 24 1707 ·
126 1662 235 1743 pidem
257 1663 428 1727 adrectos
454 1663 597 1726 orizonti
626 1662 767 1744 ungulos
802 1663 1007 1744 projectum,
1040 1663 1120 1743 quia
1154 1669 1265 1729 motus

125 1780 188 1842 erit
208 1796 251 1842 ex
274 1780 437 1845 diametro
459 1779 604 1842 saturati
628 1779 808 1858 oppositus,
830 1780 1064 1852 moeoticum
1081 1777 1181 1843 fuerit
1203 1796 1264 1841 ex-

126 1906 178 1962 tm
199 1915 347 1971 manum,
368 1915 388 1962 a
411 1899 534 1970 modim
547 1899 574 1961 si
592 1904 702 1960 tamen
724 1898 812 1959 idem
830 1896 915 1977 iupis
933 1897 1128 1978 prolicietur
1143 1895 1187 1959 sd
1202 1912 1266 1959 sn-

128 2016 245 2098 putum
268 2017 487 2087 inclinatum,
511 2025 592 2079 tunc
623 2017 797 2082 moverta
832 2016 965 2079 diverso
985 2020 1162 2088 movente,
1184 2017 1270 2078 esset

127 2134 257 2215 penitus
284 2134 410 2214 puerite
440 2139 474 2196 st
508 2133 716 2205 ridiculum:
748 2140 780 2196 et
814 2140 925 2196 tamen
960 2134 1124 2196 secundus
1157 2138 1269 2196 motus

125 2251 189 2313 ertt
210 2250 338 2313 mixtus
358 2266 402 2312 ex
426 2248 570 2312 notuisti
593 2255 625 2310 et
652 2249 808 2312 violento.
834 2247 902 2313 Sub
926 2255 1018 2313 motu
1047 2264 1127 2330 ergo
1159 2248 1270 2329 peote-

124 2372 256 2431 ctorum
279 2372 390 2430 motus
412 2381 526 2428 omnes
560 2365 790 2444 quicunquee
812 2364 958 2427 naturali
995 2364 1118 2428 diversi
1149 2363 1269 2428 iuednt

124 2483 470 2566 comprehenduntur3
500 2483 557 2546 sed
580 2488 690 2547 motus
714 2483 791 2545 tntis
816 2482 976 2562 sphaerae
999 2499 1099 2562 quum
1122 2483 1269 2548 diximus

127 2619 192 2665 non
205 2609 256 2665 est
271 2601 436 2665 notuistis
451 2601 509 2663 sed
527 2603 670 2674 mixtus3
687 2619 766 2682 ergo
781 2603 869 2681 quod
890 2601 933 2664 sit
952 2601 1076 2663 mixtus
1100 2601 1273 2682 probetne,

132 2724 241 2782 motus
262 2718 392 2782 seilicet
414 2720 471 2798 qui
495 2720 707 2800 componitur
728 2736 771 2782 ex
793 2719 939 2781 nnturnti
967 2726 999 2779 et
1025 2717 1191 2780 violento:
1215 2718 1271 2779 sed

134 2833 209 2897 tatis
231 2843 280 2900 eet
301 2843 410 2900 motus
434 2837 615 2918 sphaerae,
638 2854 717 2919 ergo
739 2837 949 2917 componitur
972 2837 1093 2917 mistio
1114 2835 1272 2916 spinum

130 2969 173 3015 ex
194 2953 340 3017 nuturuti
363 2961 396 3017 et
419 2955 564 3018 violento
588 2962 692 3029 motu,
714 2955 794 3035 quin
817 2953 948 3035 utiquoe
968 2953 1062 3017 -iitius
1084 2959 1195 3037 portes
1217 2968 1271 3014 m·

132 3071 257 3136 cedunt
279 3088 301 3135 a
320 3080 437 3138 centro
459 3074 574 3138 mundi
598 3074 640 3137 ud
663 3090 762 3154 quem
777 3072 975 3139 naturaiiter
996 3071 1101 3135 knut
1121 3070 1272 3150 sphaere,

130 3188 262 3269 atiquue
277 3190 321 3254 nd
339 3191 427 3253 idem
445 3192 618 3256 accedunt.
636 3190 750 3272 Neque
770 3191 862 3255 dicus
882 3196 991 3271 partes
1009 3188 1273 3269 opinantemque

131 3306 285 3371 deorsum
309 3313 510 3384 moventur,
532 3327 666 3372 sursum
690 3308 821 3372 trahere
844 3313 954 3388 partes
967 3323 1053 3388 quse
1069 3304 1272 3374 umenduntz

131 3429 166 3486 et
187 3423 252 3489 hoc
275 3426 356 3506 quie
377 3443 456 3490 cum
479 3427 618 3510 sphaera
640 3429 683 3491 sit
706 3428 740 3490 in
759 3425 921 3507 equitibro
939 3429 1047 3505 portes
1062 3422 1273 3487 ascendentes

134 3559 200 3605 non
225 3543 383 3607 resistunt
408 3547 558 3626 portibus
580 3545 867 3612 descendentibus:
895 3542 957 3605 hoc
987 3541 1076 3605 enim
1104 3539 1187 3603 ninii
1209 3545 1274 3609 sm

132 3675 276 3741 numque
299 3662 327 3725 si
352 3670 461 3743 partes
490 3663 649 3746 sphaerae
672 3669 749 3726 sunt
771 3678 885 3726 omnes
915 3677 1020 3740 acque
1042 3675 1183 3742 moves,
1206 3674 1272 3722 non

133 3776 198 3840 erit
221 3783 329 3842 maior
352 3782 438 3845 ratio
461 3787 499 3845 ut
530 3782 667 3846 dextrae
691 3785 799 3862 partes
821 3779 931 3861 potius
954 3778 1106 3842 sinistras
1128 3791 1270 3857 qname

130 3899 248 3956 contre
271 3895 435 3960 nucitum.
458 3896 583 3961 Deinde
601 3898 785 3979 decipietur
800 3896 942 3978 sphseru
956 3895 1054 3958 coins
1077 3899 1186 3975 portes
1206 3908 1274 3956 nou

130 4025 235 4091 aeque
257 4013 490 4092 ponderentur,
524 4014 558 4076 in
580 4014 677 4078 cuius
700 4020 792 4080 motu
816 4013 944 4077 videbis
968 4017 1077 4093 partes
1100 4010 1271 4093 graviores

132 4140 152 4186 a
176 4125 357 4191 levioribus
379 4128 509 4201 uttoiti3
532 4135 699 4193 ettamen
722 4131 756 4193 in
779 4136 873 4194 motu
894 4129 960 4192 isto
979 4128 1044 4191 erit
1073 4126 1270 4190 resistentia.

201 4301 237 4362 tt)
254 4299 359 4352 Rtncrdi
379 4301 397 4353 u
412 4302 508 4354 tettose
523 4309 622 4368 quanto
636 4304 737 4355 citrove
752 4303 854 4354 sitis·
869 4303 943 4354 detto
958 4302 983 4352 dt
999 4301 1063 4366 quo
1077 4312 1179 4353 mucce
1201 4298 1270 4350 dett·

128 4387 199 4440 flete·
215 4392 310 4447 andes.
331 4391 380 4441 cite
397 4391 559 4456 distinguens
577 4393 594 4442 u
610 4398 682 4444 moto
702 4395 726 4444 in
745 4393 863 4443 ostonis
879 4406 894 4442 e
911 4392 1035 4443 violento.

218 4479 343 4539 Gtettso
361 4483 489 4543 Guneus.
508 4516 543 4530 ·-
561 4486 593 4540 Τ.
614 4487 664 4541 xt.
1131 4489 1146 4536 ³
