3120 5168
204 336 246 402 36
515 348 672 397 sunuoues
696 348 743 399 ne·
768 355 848 401 nort
873 356 1012 403 nemun

201 485 293 557 etiae.
317 502 375 548 neu
400 490 511 546 tamen
535 481 679 560 sequitur
693 483 735 546 ob
752 484 784 548 id
801 487 833 548 in
851 486 907 548 taii
929 484 1136 566 proportione
1153 482 1348 562 quiescere,

198 609 309 685 et’per
331 587 643 682 atiquod'temporis
665 605 805 682 spatium
828 604 1047 675 commorari,
1082 602 1167 665 sicut
1202 618 1265 664 nec
1305 602 1347 664 in

200 719 274 783 aitte
298 715 561 798 proportionibus
585 711 639 801 (t).

287 833 466 897 metricus.
511 831 584 896 tam
606 834 712 898 omnis
735 835 861 900 sublate
888 840 937 898 est
960 832 1144 906 dubitatio,
1170 836 1219 893 et.
1234 846 1350 911 cogor

198 952 529 1017 demonstrationibus
553 953 618 1016 tuis
639 969 794 1027 annuere;
812 955 869 1018 sed
891 951 999 1034 quoad
1015 947 1346 1032 argumentationem

202 1070 413 1137 Aristotelis?

211 1162 222 1183 ²
288 1193 491 1256 bennenom.
514 1192 687 1258 potissima
699 1197 770 1256 erat
782 1192 967 1257 Aristotelis
979 1187 1238 1272 argumentatim
1252 1184 1346 1248 baec

200 1309 329 1373 dicebat
351 1312 459 1376 euim:
484 1313 511 1375 si
536 1315 569 1375 in
592 1314 715 1392 puncto
736 1309 926 1373 retiexionis
948 1325 1013 1371 non
1036 1305 1135 1369 datur
1156 1303 1264 1384 quies,
1283 1318 1344 1365 ee-

201 1426 319 1502 quetur
340 1424 433 1490 duce
466 1425 650 1493 contrarios
685 1428 792 1487 motus
825 1439 897 1487 esee
929 1423 1130 1491 continuos.
1161 1423 1193 1483 et
1226 1418 1272 1481 ob
1303 1416 1345 1480 id

202 1556 303 1603 unum
326 1547 475 1620 tantum,
497 1562 573 1608 cum
609 1559 693 1607 unns
722 1558 835 1605 eornm
870 1541 912 1604 rit
945 1539 1125 1613 terminum
1152 1535 1240 1618 quod
1260 1535 1347 1616 qni·

201 1657 275 1722 dem
308 1660 486 1727 absurdum
508 1667 602 1724 esset.
638 1663 682 1723 At
715 1658 757 1721 ad
790 1659 852 1721 boc
887 1657 1102 1738 respondetur
1121 1655 1345 1721 taicumotus

199 1794 269 1841 ecee
290 1781 484 1863 contiguos,
507 1796 571 1840 non
593 1785 703 1842 autern
719 1778 906 1852 continuos,
922 1792 963 1839 ex
982 1790 1047 1856 quo
1063 1774 1173 1839 entim
1190 1772 1343 1852 requitur

199 1913 310 1974 error,
333 1903 365 1960 et
389 1901 474 1961 inter
498 1898 672 1959 terminum
694 1902 803 1958 motus
820 1912 949 1959 sursum
973 1897 1005 1956 et
1034 1890 1211 1957 terminum
1227 1895 1343 1954 motus

199 2013 351 2079 ‹ieoreum
385 2014 466 2078 nibit
502 2014 722 2088 intercedere,
744 2013 821 2076 talis
837 2011 983 2094 'namque
1014 2010 1267 2093 contiguorum,
1295 2026 1340 2072 ex

204 2129 341 2209 ipromet
358 2129 544 2201 miserete,
557 2135 606 2191 eet
621 2134 750 2192 natura.
766 2129 828 2195 Sed
843 2128 961 2209 aliquis
973 2127 1081 2191 adbuc
1091 2130 1094 2135 '
1104 2142 1341 2206 nonnunquam

274 2374 309 2436 (t)
326 2361 346 2422 Β
361 2375 407 2437 qut
424 2373 454 2423 da
469 2373 612 2424 creerraret
622 2373 677 2425 cbo
691 2363 877 2435 t'oppuetzicr'ie
892 2374 919 2423 di
928 2372 1033 2424 Gatilee
1042 2385 1098 2423 uon
1108 2370 1233 2435 rupendo
1245 2370 1344 2433 pertet-

208 2470 325 2517 umente
341 2465 392 2516 atie
409 2466 590 2531 proporiziune
607 2466 633 2515 di
648 2465 792 2520 nemete.
809 2465 828 2516 ii
843 2465 920 2530 quale
936 2465 1192 2529 paractericum
1209 2463 1288 2514 inodo
1302 2476 1346 2512 ae·

205 2558 308 2617 rotetur
334 2571 349 2608 e
375 2573 410 2608 un
434 2561 527 2610 intente
543 2557 808 2613 incommensurabile
831 2560 857 2609 dt
873 2560 961 2623 quiete
977 2558 1067 2608 riruitc
1088 2561 1239 2608 veramente
1256 2553 1346 2605 auctio

205 2649 274 2701 datie
291 2663 423 2715 premesee
440 2652 464 2701 dt
480 2650 590 2703 Gaiiieu.
608 2652 706 2712 iniatti,
723 2665 751 2703 re
768 2666 804 2702 un
822 2665 903 2715 corpo
918 2653 934 2700 e
950 2651 976 2700 in
992 2651 1088 2713 quiete,
1106 2648 1221 2699 reconde
1236 2646 1342 2710 cb'egti

205 2744 271 2802 dice,
289 2744 394 2806 quando
410 2742 435 2792 ie
450 2746 501 2794 due
518 2745 589 2796 iorze
605 2753 715 2810 opposte
731 2747 781 2796 ebe
797 2745 824 2796 io
840 2742 995 2795 sollecitano
1006 2744 1026 2792 ei
1037 2744 1118 2794 boue
1129 2739 1267 2805 eqniitbrio
1278 2741 1347 2800 (mc-

203 2835 328 2897 ettntum
342 2839 396 2896 est,
413 2840 511 2886 tuordiu
528 2839 621 2889 mobida
636 2840 767 2900 peiorem
782 2838 908 2901 quamdiu
924 2840 1013 2885 munet
1030 2834 1182 2897 aequaliter
1197 2834 1268 2881 inter
1283 2843 1348 2892 pru·

205 2927 313 2975 uitatem
329 2928 492 2977 resistentem
508 2937 534 2978 et
550 2931 674 2979 virtutem
690 2931 975 2994 impatientem-pag.
992 2929 1048 2989 tm
1065 2941 1081 2976 e
1096 2939 1126 2976 ee
1141 2924 1278 2988 equilibrio
1294 2924 1344 2973 dee

204 3028 264 3064 eret
278 3015 357 3079 tropo
369 3018 603 3066 neceesariumente
614 3019 657 3066 nei
668 3033 728 3069 canc
742 3026 832 3069 nostro
844 3021 870 3069 in
882 3033 918 3068 un
930 3020 1026 3068 ietnnte
1036 3016 1209 3066 determinato
1220 3015 1251 3063 ed
1263 3015 1345 3063 unico

207 3109 214 3165 i
223 3120 311 3155 verum
329 3113 385 3163 ert,
403 3107 456 3155 uim
472 3111 497 3153 et
512 3108 668 3165 pravitatem
687 3109 829 3172 aliquando
843 3109 981 3170 peruenire
997 3106 1033 3155 ud
1048 3107 1219 3170 aepuuittntir
1237 3118 1347 3166 propor-

205 3200 301 3249 tionem
317 3224 345 3237 -
361 3211 418 3261 pag.
435 3201 466 3245 35
483 3198 509 3244 in
526 3197 597 3256 tinet.
615 3211 650 3246 ne
665 3210 798 3262 conseptae
815 3199 866 3248 obe
882 3203 908 3246 io
925 3198 1101 3261 queti'tetante
1116 3201 1223 3250 ecictert
1238 3200 1346 3260 quiete:

204 3304 218 3335 r·
235 3304 249 3343 e
264 3295 357 3354 quarto
373 3291 468 3338 intente
486 3289 617 3349 postiurno
633 3289 770 3339 intendere
785 3303 862 3341 avere
878 3288 1008 3353 appetirto
1022 3289 1166 3342 Aristotite.
1180 3291 1214 3343 Se
1226 3304 1278 3341 non
1294 3289 1347 3339 ebe

206 3383 319 3441 tuideo,
337 3383 470 3435 dominatu
486 3380 526 3429 dai
544 3384 666 3428 concetto
680 3381 749 3432 della
766 3383 864 3444 praticn
881 3380 1066 3444 applicatione,
1085 3395 1150 3446 nega
1166 3382 1190 3432 ia
1206 3380 1302 3446 quatita
1319 3382 1346 3429 di

206 3474 291 3536 pretate
309 3490 323 3523 a
339 3469 523 3538 queli’ieteute
544 3469 751 3535 deil'equiiibrio
770 3478 886 3536 appunto
906 3475 1002 3538 perche
1014 3476 1124 3533 istante,
1146 3488 1160 3522 e
1181 3488 1233 3524 non
1256 3481 1346 3536 tempo

209 3560 459 3619 commemorabile,
476 3561 632 3612 chiamaede
649 3563 733 3623 quiete
750 3562 836 3628 quella
853 3561 966 3613 eoittnto
982 3564 1032 3613 cbe
1048 3565 1080 3613 ba
1091 3563 1172 3627 luogo
1180 3576 1229 3626 per
1238 3564 1350 3626 utipeud

208 3658 323 3719 rpettrun
340 3655 474 3717 temporis.

284 3746 332 3797 net
351 3751 432 3800 rento.
448 3750 542 3810 qnetto
558 3748 573 3795 e
591 3746 719 3797 eubbietto
734 3748 784 3796 ebe
800 3749 898 3799 attiene
914 3748 1027 3800 atterite
1039 3747 1346 3813 riguututomucueeu

211 3845 317 3900 tempo,
336 3837 377 3887 dei
396 3842 467 3887 moto
484 3849 498 3884 e
515 3837 584 3885 dello
600 3838 701 3900 spazio,
719 3842 740 3887 et
757 3839 923 3891 deboimente
939 3853 1035 3892 ancora
1051 3843 1202 3904 etcogitate,
1218 3839 1289 3890 enei
1300 3838 1347 3887 dit·

210 3926 281 3979 dctto
301 3932 387 3981 itudto
404 3927 473 3977 ttrite
489 3927 558 3993 quati
575 3942 649 3979 rerer
667 3928 763 3981 t'acuto
779 3945 794 3980 e
812 3933 897 3984 nubite
914 3935 1044 3986 inteltetto
1065 3933 1106 3984 det
1126 3932 1295 3986 diatematico
1314 3930 1347 3979 ed

214 4018 374 4073 titrenemo
391 4019 458 4071 datie
475 4021 570 4073 scocie
587 4020 630 4069 Pie
648 4022 672 4069 di
684 4021 805 4083 trireme,
818 4027 836 4074 it
847 4026 1066 4078 PadreGioranni
1078 4026 1226 4082 Antecedit:
1240 4024 1258 4073 it
1269 4023 1349 4088 quate

211 4124 263 4163 nen
273 4113 298 4163 nt
311 4117 387 4163 rorrt
405 4124 496 4174 erpere
513 4110 645 4171 mntpredc
655 4112 680 4159 di
693 4120 782 4174 queit·
795 4116 992 4175 indumentum.
1005 4117 1036 4167 da
1048 4117 1090 4166 noi
1102 4130 1246 4168 commem
1263 4131 1277 4164 ι
1293 4114 1349 4165 coin

211 4204 264 4255 tine
281 4203 305 4251 dt
322 4203 480 4267 epptunpere
498 4216 533 4252 nu
551 4215 637 4252 nuovo
653 4205 757 4256 rtimeic
782 4208 931 4260 eii'iuterno
948 4223 962 4257 e
983 4209 1179 4270 petentiuimo.
1199 4209 1249 4259 cbe
1265 4210 1305 4272 pit
1323 4207 1348 4255 io

213 4296 298 4345 anime
316 4296 346 4345 ud
364 4308 399 4346 un
418 4296 536 4354 intento,
555 4295 605 4344 ebe
621 4309 635 4344 a
654 4296 723 4347 buon
740 4300 818 4350 dritto
834 4305 987 4365 anguritmu
1006 4301 1081 4349 dener
1100 4309 1204 4352 tornare
1221 4317 1234 4351 a
1251 4300 1350 4365 grando

214 4398 296 4438 onore
311 4385 377 4439 deiie
395 4388 496 4438 trienna
512 4401 528 4435 e
544 4386 692 4438 ‹ti-tituto.
