3120 5168
423 374 582 420 samaras
606 375 646 421 nn
669 374 752 421 nuru
776 376 928 424 nusvrurr.
1006 342 1009 349 ’
1196 368 1239 430 55

111 503 367 586 supranaturali,
390 509 423 566 et
445 502 533 583 quod
549 503 679 567 excedit
699 509 826 568 mutum
846 506 1040 586 requisitum
1064 526 1142 572 snae
1165 528 1239 590 pru-

108 625 198 704 priae
211 621 400 705 gravitatis,
412 621 461 685 ita
473 626 511 685 ut
522 626 651 685 suamet
668 623 817 704 gravitas
836 629 914 688 tune
932 624 1068 691 haberet
1081 629 1241 692 rationem

106 741 275 813 levitatis,
297 757 338 804 eu
360 740 448 820 qnod
471 740 611 821 ipsamet
634 739 740 803 libera
755 746 789 804 et
804 742 945 822 simplex
964 743 1092 808 tardius
1105 744 1242 809 descen·

105 859 217 934 deret,
240 875 341 939 quam
365 875 443 921 eum
460 858 587 938 impetu
604 857 799 938 cunjuncta:
818 859 996 923 violentiae
1015 862 1126 942 itaque
1144 862 1242 927 deur·

104 994 181 1041 sum
207 975 388 1057 impellenti
419 976 586 1039 resisteret
615 976 747 1056 nmpria
769 981 802 1039 et
825 977 990 1042 naturalis
1019 979 1159 1043 tarditas
1182 979 1240 1042 de·

105 1093 301 1165 scandentis.
323 1093 368 1157 Et
388 1091 452 1156 hoe
475 1091 627 1172 exemplo
650 1090 927 1168 manifestabitur,
949 1094 1039 1174 quud
1061 1097 1241 1178 unicuique

106 1213 234 1277 natanti
258 1212 390 1293 saepius
413 1209 547 1275 accidit.
569 1210 707 1278 Constat
730 1212 819 1275 enim
841 1213 929 1293 quod
952 1213 1053 1279 humo
1087 1215 1121 1279 in
1150 1233 1237 1296 aqua

105 1333 271 1407 existens,
303 1331 332 1394 sl
367 1329 533 1403 vuluerit,
568 1335 661 1394 tanta
683 1335 734 1394 est
766 1329 858 1395 illius
893 1333 1070 1413 gravitas,
1102 1332 1240 1401 desuem·

106 1447 225 1513 det'ad
248 1449 354 1515 imum
376 1464 482 1529 usque
504 1449 611 1529 ipsius
633 1465 750 1528 aquae,
771 1453 806 1512 et
828 1453 947 1513 tnnea
970 1452 1103 1532 propria
1125 1453 1240 1534 gravi·

106 1573 173 1632 tate
194 1573 333 1644 traetns,
355 1565 513 1632 uniformi
531 1572 623 1631 mutu
641 1566 871 1649 demergetur:
888 1568 1023 1649 quodsi
1042 1570 1086 1633 ab
1102 1577 1240 1638 externo

105 1691 232 1750 mutere
253 1685 468 1766 quantumvis
490 1685 640 1750 maxima
656 1685 690 1749 vi
706 1685 861 1750 deorsum
880 1685 1081 1767 impellatur,
1096 1694 1134 1751 nt
1148 1688 1176 1752 si
1194 1690 1240 1753 alr

104 1804 237 1869 excelso
258 1803 332 1868 loen
355 1803 602 1886 praecipitetur,
622 1804 658 1868 in
681 1803 843 1885 prinnipiu
858 1803 996 1885 quidem
1012 1805 1048 1868 in
1064 1822 1152 1886 aqua
1164 1823 1239 1870 mu·

104 1931 160 1987 tus
181 1922 245 1986 erit
264 1920 362 1986 valde
382 1922 624 1987 eoneintuset
646 1922 921 2003 supranaturalis,
943 1927 1090 1987 attamen
1113 1940 1135 1987 a
1157 1941 1238 2004 gra·

107 2039 212 2107 vitata
234 2041 364 2122 mauris
386 2041 561 2116 absoluta,
584 2056 670 2122 quae
692 2045 771 2104 tune
795 2045 946 2122 respectu
962 2041 1137 2122 gravitatis
1156 2057 1235 2105 eum

106 2162 231 2243 impetu
252 2167 388 2243 accepto
403 2167 453 2225 est
467 2161 657 2242 coniuncta,
674 2165 726 2225 est
743 2161 848 2226 veluti
863 2160 992 2233 levitas,
1010 2159 1235 2224 retardabitur

105 2284 225 2356 motus,
246 2286 280 2344 et
301 2293 341 2344 en
362 2295 467 2361 nsque
488 2279 592 2344 donee
614 2278 815 2344 descendens
830 2278 879 2342 ad
892 2277 1081 2343 naturalem
1094 2277 1238 2342 tarditat«

103 2403 170 2464 tem
192 2396 383 2469 devenerim
406 2402 505 2478 atque
522 2398 589 2471 ita,
606 2398 635 2461 si
651 2414 736 2477 aqna
752 2378 833 2461 satis
850 2394 951 2465 inerit
967 2393 1153 2476 promum,
1169 2411 1234 2460 nun

104 2516 263 2598 majorem
295 2514 330 2578 in
361 2511 465 2576 tundo
486 2513 666 2578 laesionem
689 2513 853 2595 patietur,
886 2511 1039 2592 quamsi
1062 2526 1105 2573 ex
1128 2522 1235 2590 aquae

106 2633 294 2696 summitate
317 2633 449 2712 propriu
471 2632 682 2712 naturalique
705 2637 798 2695 motu
821 2630 1055 2705 descendisset.

528 3159 814 3173 ..u—m

173 3357 229 3425 Qut
241 3372 317 3414 sessu
335 3358 361 3412 it·
374 3357 561 3413 ruunessrittu
573 3341 714 3425 di'qtrtr'tu
731 3353 862 3423 Diuinae,
873 3364 961 3410 senza
976 3355 1025 3409 ete
1039 3347 1078 3407 da
1093 3354 1141 3406 uui
1154 3346 1238 3421 rursu
1311 3398 1313 3403 ⁴

98 3457 238 3514 stuttttrrt
256 3473 285 3514 se
303 3464 464 3514 muueris
485 3456 596 3514 Guiiieo
614 3458 707 3526 quisi
724 3459 898 3519 arrestum,-
910 3465 1011 3512 neaera
1029 3452 1052 3507 s't
1068 3454 1237 3529 renuitusiu

98 3559 204 3613 undmu
220 3559 350 3626 perduro.
376 3557 525 3629 lurruttru
548 3554 670 3624 Capituli
694 3555 742 3610 ete
765 3555 936 3620 succedere,
957 3555 1073 3636 interne
1096 3553 1134 3635 tu·
1148 3558 1236 3631 eleseu

99 3659 221 3714 materia
240 3657 284 3714 del
302 3657 378 3715 Muto
397 3658 442 3711 dei
458 3658 564 3726 urunt,
582 3646 652 3713 tune
669 3654 773 3726 quelli,
793 3655 838 3709 dei
856 3653 936 3731 quali
953 3653 1082 3735 ulliumu
1099 3653 1171 3718 saltu
1188 3669 1236 3730 nu·

97 3759 160 3813 rotu
178 3757 462 3816 nett'duurrtiuteuto.
904 3744 909 3756 '
966 3741 970 3749 ’
1191 3737 1195 3745 ’
1214 3742 1226 3755 ”

524 3994 812 4012 -ο--ι-ιν
