3120 5168
490 743 662 801 lLLUSTRl
683 744 731 802 AC
750 742 896 801 obtuto
913 742 1049 799 tttvtsm

339 1106 563 1200 oonttto
596 1110 949 1201 otttfltsnttt
984 1110 1198 1202 CAPRAE.

280 2028 336 2101 qu
355 2047 415 2087 cero
433 2032 501 2086 illud
520 2048 584 2088 sane
600 2032 775 2103 perpulcrum
793 2048 896 2104 semper
914 2048 969 2086 esse
984 2034 1148 2095 existimavi,
1164 2032 1278 2087 nobilem
1289 2032 1340 2100 ju·

208 2135 298 2176 cenem
314 2123 346 2176 in
362 2138 397 2187 rs¹
410 2123 535 2178 literaria
552 2126 657 2179 anteire
674 2124 809 2194 aequales,
829 2132 858 2178 at
877 2132 947 2178 certe
963 2124 1038 2195 lonqe
1051 2124 1265 2195 putcnsrrtnum
1279 2137 1341 2178 sum

205 2213 355 2282 narentur
372 2222 449 2277 nolu,
467 2215 682 2286 doctioribusque
700 2219 823 2287 aequari,
842 2217 977 2287 adquam
993 2224 1090 2271 metam
1106 2216 1338 2279 innutantissime

208 2300 375 2368 tautam,
398 2306 561 2375 pervenisse,
574 2313 622 2361 tuo
635 2307 779 2377 praeclaro
784 2305 847 2376 jam
859 2307 931 2361 odim
949 2313 1082 2362 testantur
1095 2321 1191 2376 opera:
1203 2318 1267 2360 nant
1282 2310 1339 2360 tun

208 2391 385 2464 oumsttonn
405 2394 526 2467 Loqicas‚
546 2405 601 2451 turn
624 2395 770 2463 Tprocinio
789 2397 977 2452 Astronomica
994 2399 1060 2452 adeo
1077 2398 1161 2467 polite
1178 2403 1203 2451 st
1220 2396 1338 2468 prester

205 2488 444 2558 concriminatus
461 2489 556 2543 merito
569 2504 600 2542 sa
613 2504 673 2543 oum
690 2490 954 2558 sapientissimorum
967 2489 1081 2544 Patrum
1094 2491 1265 2546 monimentis
1280 2502 1340 2544 oon·

206 2576 277 2644 snm*
291 2593 371 2648 posse
387 2580 553 2636 oidercntur.
574 2578 753 2648 Quamobrem
769 2583 801 2635 de
818 2589 895 2636 tanto
914 2582 982 2636 bono
1001 2583 1051 2637 libi
1068 2597 1234 2652 summopere
1248 2588 1339 2654 pratu·

210 2669 262 2732 lor,
279 2669 398 2741 mibiquc
416 2673 458 2724 tui
477 2672 673 2727 studiosissimo
691 2671 857 2728 veliementer
874 2655 985 2742 qaudeo,
1004 2687 1134 2742 speroque
1149 2673 1218 2740 sors,
1231 2680 1261 2728 ut
1276 2687 1344 2744 quos

209 2767 288 2824 tuum
306 2761 466 2828 [osmundum
484 2765 620 2834 inqenium
638 2765 778 2819 suaviores
795 2767 826 2818 in
848 2765 905 2819 dies
921 2765 1057 2834 pepererit
1078 2765 1204 2833 (ructus,
1227 2780 1271 2820 eos
1291 2779 1343 2836 pro

210 2859 259 2905 tua
272 2851 446 2915 bumanitate,
461 2854 621 2922 acjuoandi
635 2854 761 2909 mortales
774 2854 863 2910 studio
875 2855 998 2910 omnibus
1013 2855 1191 2926 dequstandos
1203 2856 1343 2926 praebeas.

208 2941 326 2998 Interim
342 2943 523 3013 maximopere
540 2945 629 3014 cupio.
647 2946 812 3015 cupiuntque
831 2944 980 3000 communes
995 2946 1087 3011 amici,
1103 2953 1133 3000 ut
1147 2954 1278 3002 recentem
1291 2945 1345 3016 {os-

207 3043 301 3090 turom
318 3036 422 3106 maqnis
440 3051 458 3088 a
477 3043 501 3089 te
520 3035 658 3089 laboribus
676 3035 877 3098 elucubratam,
896 3050 990 3104 nempe
1008 3036 1140 3106 epreqium
1157 3035 1227 3091 illud
1244 3037 1346 3092 instru-
1391 3057 1393 3062 ·

206 3133 326 3180 mentum
345 3120 543 3180 Geometricum
561 3126 826 3195 Aritbmeticumque
845 3126 917 3196 quod
931 3125 1072 3181 circinum
1079 3128 1268 3197 proportionis
1280 3135 1342 3198 apte

206 3219 406 3274 inscribendum
415 3220 529 3288 putasti,
538 3219 569 3273 in
579 3218 672 3280 lucem,
684 3227 904 3290 conspectumque
916 3218 1054 3273 nominum
1063 3219 1176 3287 prodire
1189 3220 1273 3280 sinas,
1287 3232 1344 3274 non

209 3311 347 3382 oulqaresn
378 3312 449 3365 enim
479 3308 660 3366 Geometricoe
682 3318 706 3364 et
731 3311 922 3365 Aritbmeticae
941 3312 1069 3366 scientiae
1088 3311 1217 3366 studiosis
1233 3312 1345 3381 afferres

209 3402 370 3467 utilitatem,
390 3411 415 3457 et
434 3403 524 3457 lumen
541 3419 597 3458 non
615 3405 760 3474 eoiquum:
779 3404 912 3473 siquidem
930 3403 1013 3472 nujus
1032 3404 1208 3458 instrumenti
1223 3416 1273 3472 ops
1290 3416 1346 3457 non

209 3493 297 3549 solum
313 3501 410 3548 cuncta
425 3496 621 3564 propemodum
639 3493 764 3550 Euclidis
780 3495 957 3564 problemata,
976 3510 1009 3550 ae
1024 3494 1109 3563 plura
1126 3495 1195 3558 alia,
1210 3509 1244 3549 ne
1257 3496 1346 3552 dicam

207 3585 421 3641 innumerabilia
432 3589 565 3656 quaesita,
579 3588 740 3649 brevissime,
749 3588 932 3657 facillimeque
943 3587 1089 3650 resolvent,-
1102 3586 1242 3641 sedetiam
1254 3587 1347 3641 iisdem

206 3677 244 3731 ad
257 3693 349 3732 omnes
366 3678 546 3740 altitudines,
564 3679 780 3747 profunditates,
799 3694 920 3740 necnon
939 3679 1059 3734 locorum
1076 3680 1291 3750 intercapedines
1307 3679 1348 3734 di-

208 3771 355 3825 metiendas
374 3770 576 3839 expeditissima
592 3773 849 3842 promptissimaque
861 3772 962 3841 patebil
979 3773 1044 3833 oia:
1059 3773 1096 3826 ad
1110 3773 1182 3844 quod
1192 3775 1346 3843 imprimen·

207 3862 282 3921 dum,
295 3860 550 3930 publicandumque‚
563 3867 673 3930 praelsr
688 3876 852 3916 communem
863 3862 1017 3924 utilitatem,
1036 3864 1082 3917 cui
1092 3863 1150 3932 sere
1160 3863 1212 3918 soli
1226 3863 1269 3919 cel
1285 3863 1349 3918 Pia·

211 3955 283 4006 tonis
301 3954 453 4007 testimonio
473 3952 561 4008 Homo
579 3963 661 4009 natus
679 3970 734 4009 esse
751 3956 872 4018 otietur,
891 3965 916 4011 ct
932 3964 1043 4025 praeter
1061 3958 1212 4012 amicorum
1229 3960 1348 4013 auctori·

211 4053 299 4104 tatem.
314 4052 484 4116 nostramque
504 4046 578 4100 illam
596 4046 698 4100 dulcem
715 4055 740 4102 et
759 4049 910 4103 studiorum
929 4056 953 4101 et
972 4050 1126 4102 animorum
1138 4048 1345 4119 conjuctionem,

213 4150 284 4203 quae
300 4140 372 4206 apud
390 4145 413 4191 ts
430 4154 479 4209 pro
499 4145 546 4192 tuo
564 4138 722 4208 beniqnitate
739 4155 794 4194 non
811 4155 852 4193 me
870 4141 932 4194 latet
950 4157 1003 4194 esse
1021 4141 1139 4212 alicujus
1157 4143 1297 4202 momenti:
1313 4142 1347 4194 il·

216 4227 263 4281 lud
279 4243 382 4300 quoque
392 4247 447 4284 non
465 4231 608 4284 minimum
627 4239 651 4284 le
672 4247 775 4286 monere
798 4231 883 4297 debet,
910 4242 940 4287 ut
958 4234 1006 4304 qui
1034 4234 1144 4304 hujusce
1172 4233 1348 4290 instrumenti

215 4318 393 4373 inunctionem
411 4314 577 4392 impudenter
594 4322 647 4375 sibi
666 4331 807 4394 arroqont‚
835 4323 966 4393 patefacto
994 4341 1070 4388 cero,
1100 4342 1132 4378 ac
1158 4340 1283 4396 qermono
1310 4327 1348 4389 s(-

212 4410 321 4475 [ectore.
341 4427 435 4484 naqno
453 4430 500 4468 suo
519 4431 579 4468 curn
598 4415 719 4468 dedecore
737 4417 900 4480 erubescant,
915 4425 940 4471 st
954 4433 1043 4472 coram
1058 4415 1171 4470 literatis
1190 4425 1214 4469 et
1226 4415 1346 4470 candidis

289 4501 414 4560 litoroso
434 4505 562 4561 fiscum.
578 4538 610 4548 -
624 4507 655 4560 T.
672 4506 722 4561 xt.
1173 4511 1206 4560 ³7
