3120 5168
462 375 620 424 sessiones
642 377 682 423 ns
707 376 788 424 ssoru
812 378 959 426 ussvruss.
1233 366 1278 429 19

236 502 417 566 Dossuucos.
464 503 533 566 iioe
548 505 636 583 quod
653 506 809 609 supponis
824 508 1034 571 verissimum
1052 510 1184 588 quidem
1202 529 1277 573 esse

147 639 244 687 sensu
266 621 564 704 deprehendimns3
587 623 645 686 sed
666 641 802 687 oausam
830 642 892 687 eur
923 624 1023 688 tutem
1041 625 1190 689 ordinem
1205 645 1275 691 ser·

147 739 276 803 voverit
298 742 431 812 nature,
449 742 482 800 et
497 753 561 801 non
585 737 695 818 potius
716 752 926 811 conversum,
942 737 1124 820 intelligere
1145 739 1273 802 veliem.

234 862 439 922 deernimus.
461 856 605 924 Gsusum
631 856 706 920 tsiis
728 855 855 919 ordinis
877 855 1024 930 reddere,
1048 873 1126 920 oum
1142 857 1278 920 iterem

146 994 180 1040 se
198 975 320 1040 hebere
341 973 554 1039 manifestum
578 974 643 1049 sit,
678 973 720 1036 sd
754 979 904 1038 nostrum
938 975 1102 1038 intentum
1125 974 1171 1038 nii
1194 993 1275 1039 eon·

145 1094 266 1156 ducere
288 1097 416 1173 potesis
453 1107 593 1172 eamque
627 1090 834 1171 potissimam
861 1090 998 1154 reddere
1024 1090 1108 1156 forte
1139 1088 1275 1156 diffleii·

144 1210 261 1274 timum
283 1214 392 1282 essen
414 1227 474 1273 nee
498 1209 599 1272 elien
620 1208 756 1273 reddere
778 1224 906 1288 possem
930 1209 994 1272 nisi
1028 1210 1117 1290 quod
1150 1210 1276 1273 inoli-

142 1343 240 1407 quem
262 1326 413 1391 ordinem
435 1331 531 1391 erent
547 1343 599 1389 res
621 1325 853 1406 disponendae,
873 1325 996 1406 piscus
1012 1335 1124 1391 autem
1136 1334 1275 1393 neturss

144 1443 178 1506 in
199 1443 289 1507 huno
311 1441 485 1525 disponere
508 1438 575 1528 (1);
598 1441 661 1506 nisi
690 1438 773 1504 forte
800 1440 943 1503 velimus
976 1441 1085 1505 disere
1120 1445 1275 1525 graviora

142 1565 255 1624 centro
268 1560 502 1642 propinquiore
517 1575 588 1624 esse
604 1575 706 1641 quem
721 1559 859 1634 leviora,
869 1559 948 1640 quis
965 1558 1097 1623 videtur
1113 1562 1275 1641 quodem·

142 1677 241 1742 modo
261 1694 301 1740 eu
322 1693 394 1741 esse
412 1676 579 1759 graviora,
601 1691 687 1756 quse
704 1676 739 1739 in
762 1676 946 1758 angustiori
969 1677 1042 1740 iooo
1069 1678 1143 1758 pius
1168 1688 1274 1745 mate·

142 1795 210 1859 riae
224 1794 395 1858 continent
409 1791 468 1878 (2),
490 1798 528 1856 ut
547 1810 578 1856 v.
595 1811 626 1875 g.
649 1793 677 1856 si
700 1792 801 1856 fuerit
819 1810 936 1857 sacrus
958 1794 1036 1859 isne
1053 1795 1178 1876 pienus,
1189 1816 1274 1878 quus

141 1913 176 1975 in
198 1929 239 1976 eo
259 1911 352 1975 nullu
373 1910 407 1976 ri
431 1911 475 1975 sit
496 1911 694 1993 constipate,
716 1910 833 1975 deinde
848 1928 969 1994 magns
1003 1929 1081 1976 cum
1116 1914 1273 1978 violentis

141 2029 247 2094 multo
264 2031 338 2111 pius
358 2029 454 2095 ianne
476 2030 511 2093 in
529 2029 645 2094 eodem
666 2029 921 2110 comprimatur,
945 2034 1025 2093 tuno
1049 2031 1184 2113 gravior
1209 2033 1273 2094 erit

140 2164 241 2230 quum
272 2153 381 2224 anteo,
404 2149 481 2230 quis
505 2148 539 2212 in
562 2147 678 2212 eodem
700 2149 808 2228 spatio
837 2148 910 2229 pius
928 2149 1087 2212 meterius
1114 2148 1275 2213 soenoru-

139 2266 272 2334 innitur.
293 2268 378 2336 (lum
400 2269 513 2349 itaque
536 2268 644 2350 sputis
665 2285 749 2348 quse
771 2272 886 2332 eentro
913 2269 1026 2332 mundi
1046 2274 1122 2332 sunt
1141 2268 1275 2350 propin?
1372 2277 1374 2280 ’

138 2387 256 2468 quiors
276 2402 405 2469 semper
422 2387 615 2468 angustiora
634 2387 698 2450 sint
721 2388 762 2450 iis
784 2404 869 2467 quse
891 2406 911 2449 a
934 2393 1049 2451 centro
1080 2387 1187 2470 magis
1220 2404 1273 2451 re-

137 2506 270 2583 cedunt,
291 2505 413 2569 rationi
436 2509 694 2568 consentaneum
716 2502 781 2567 fuit
798 2508 834 2568 ut
856 2521 896 2566 ea
912 2504 1116 2584 replerentur
1133 2504 1273 2568 materie

139 2623 234 2706 eujus
255 2622 364 2687 maior
386 2621 533 2703 gravitas
556 2637 658 2702 quarn
681 2620 818 2685 atterius
853 2622 1046 2703 angustiore
1080 2622 1186 2703 sputis
1213 2639 1272 2685 oo·

143 2747 278 2820 cuperet
299 2736 356 2825 (3).
437 2714 440 2722 ’

229 2856 407 2923 munusue.
453 2859 552 2922 Retio
577 2859 643 2922 iste
666 2859 742 2922 tsiis
777 2858 1014 2923 elementorum
1050 2859 1271 2940 dispositionis

139 2975 293 3058 quemvis
307 2974 527 3040 existimanda
551 2993 616 3040 non
639 2975 682 3040 sit
704 2976 886 3057 potissime,
910 2981 1056 3040 ettamen
1078 2976 1270 3041 nonnuiiam

138 3094 173 3159 in
194 3095 351 3159 sehabet
372 3095 523 3160 redistis
545 3096 697 3177 speciem,
720 3096 774 3159 cni
796 3096 928 3160 unimus
950 3095 1091 3160 libenter
1112 3095 1269 3160 adsentit:

137 3214 183 3278 itu
205 3218 264 3288 ut,
287 3219 360 3277 turn
382 3214 460 3294 quio
484 3231 541 3295 per
562 3231 596 3277 se
624 3213 849 3278 clarissimum
870 3219 920 3276 est
942 3213 1030 3294 quod
1065 3212 1162 3292 peris,
1198 3218 1268 3276 tum

136 3331 215 3413 quia
236 3330 278 3395 de
299 3330 414 3397 eodem
436 3350 475 3397 es
494 3350 578 3414 quse
597 3350 702 3414 nuper
725 3333 838 3396 dixisti
862 3348 998 3396 oausam
1025 3330 1269 3410 quodaminodo

136 3449 292 3524 reddunt,
320 3449 474 3532 graviora
500 3452 562 3514 sub
585 3450 764 3513 levioribus
788 3466 807 3511 a
830 3456 950 3512 natura
983 3446 1164 3510 constituta
1197 3464 1267 3510 esse

135 3585 240 3651 aequo
254 3569 571 3634 animoeonoedam:
596 3586 710 3650 quere,
733 3568 868 3638 silibet,
893 3568 934 3631 od
958 3584 997 3630 ee
1020 3583 1104 3646 quse
1129 3566 1266 3628 dicende

135 3688 262 3749 restant
283 3689 316 3747 te
337 3684 496 3750 conferes.

218 3805 421 3866 dnsxssnen.
445 3803 540 3869 Nunc
553 3811 667 3867 nutem
679 3801 1007 3866 animadvertendum
1020 3805 1069 3863 est
1082 3799 1198 3880 gravis
1214 3798 1266 3861 vei

207 4032 241 4092 tt)
258 4031 354 4093 Quests
370 4033 386 4081 e
402 4044 466 4095 pure
483 4032 506 4082 is
523 4035 630 4096 rsgione
646 4034 704 4082 dsis
720 4031 752 4082 ds
770 4031 920 4088 Aristonis,
939 4028 999 4079 viii
1015 4028 1095 4091 Pirps.
1114 4032 1132 4076 t.
1148 4032 1188 4076 ιη.

206 4124 239 4182 (s)
256 4122 311 4172 Hse
322 4130 397 4184 potet
414 4126 535 4186 (srserte
552 4124 579 4176 in
596 4130 659 4176 nots
675 4123 793 4186 Gsiiieo)
817 4125 845 4172 iss
870 4121 1009 4184 vaporibus
1031 4117 1226 4170 escendentibus
1242 4124 1266 4165 et

135 4215 355 4267 descendentibus.

208 4310 242 4368 (3)
257 4305 316 4359 Noti
337 4307 353 4358 il
371 4309 464 4359 lettere
475 4310 508 4369 pii
520 4309 564 4361 siti
576 4311 784 4374 presentimenti,
803 4310 851 4359 che
868 4310 888 4356 si
900 4314 1066 4366 contengono
1077 4306 1103 4354 in
1115 4309 1205 4368 qrresto
1223 4316 1265 4366 po

133 4396 183 4445 che
199 4399 295 4462 porois.
