3120 5168
429 378 591 430 emotus
612 381 656 428 ux
678 379 761 428 noro
785 380 936 428 ouvius.
1201 368 1244 435 tit

108 511 239 594 tongins
255 509 339 574 aiios
353 527 389 574 sc
405 507 566 574 excedere
579 507 781 585 ostenderet,
795 526 863 591 qno
878 509 980 575 etiam
995 527 1037 576 ex
1053 510 1145 577 taleis
1164 522 1245 579 vera

109 630 245 695 baumre
264 636 388 711 posset3
404 644 466 692 nec
483 633 595 692 umen
614 626 832 692 dubitandum
854 633 906 693 est
923 628 1032 712 ipsum
1047 628 1246 697 concludere

58 820 66 840 ⁴
109 749 248 824 laisum,
261 762 342 812 cum
357 746 605 813 conclusionem
618 746 760 812 eandem
779 747 872 827 prins
887 749 1088 830 geometrica
1103 749 1173 814 alia
1187 748 1246 814 de·

104 867 347 933 monstratione
362 867 546 949 probasset:
561 882 664 948 quare
679 871 791 930 autem
807 865 985 932 dlcendum
1001 873 1064 944 est,
1082 883 1243 951 suspensa

110 985 257 1068 pondera
280 1000 358 1049 rere
379 999 460 1048 cum
483 983 579 1048 lance
601 986 709 1047 rectos
730 983 903 1048 continere
919 984 1072 1067 angulos,
1087 989 1147 1049 unt
1163 982 1246 1049 nibil

110 1103 231 1169 reterre
251 1103 281 1169 si
298 1106 408 1168 rectos
421 1102 628 1177 contineant,
643 1101 700 1166 sed
715 1106 848 1168 tantum
861 1099 1012 1169 sufficere
1034 1108 1074 1168 ut
1090 1102 1246 1186 amoma

109 1223 187 1298 sint,
207 1220 298 1303 quod
320 1219 403 1285 torte
425 1218 629 1301 probabilius
652 1218 738 1294 erite
760 1219 825 1285 nisl
849 1220 993 1287 velimus
1019 1220 1130 1287 dicere
1159 1219 1245 1286 bano

110 1339 220 1422 potins
240 1354 313 1403 erse
334 1337 572 1421 geometricam
594 1335 788 1413 licentiam,
821 1336 910 1404 sicut
941 1343 976 1402 et
1008 1337 1098 1403 idem
1124 1336 1248 1403 drobi·

110 1458 220 1523 medea
233 1457 389 1545 supponit
406 1452 600 1537 superficies
616 1453 739 1520 babere
757 1456 968 1539 pravitatem,
981 1461 1017 1521 et
1034 1455 1175 1522 atteram
1194 1456 1245 1521 al·

110 1583 182 1641 tera
204 1576 396 1660 graviorem
418 1588 501 1648 esse,
524 1591 602 1639 cum
625 1580 736 1640 tannen
760 1592 876 1640 revere
898 1575 989 1641 omni
1013 1576 1079 1641 sint
1092 1581 1246 1661 expertes

109 1695 286 1779 gravitate.
308 1693 353 1760 bt
375 1695 458 1759 haec
485 1710 571 1776 quae
597 1693 925 1770 demonstravimus,
951 1699 991 1759 ut
1016 1695 1117 1760 etiam
1144 1712 1244 1777 supra

109 1812 273 1890 diximus,
293 1810 511 1896 intelligenda
532 1814 612 1875 sunt
634 1809 676 1876 de
697 1810 877 1875 mobilibus
895 1811 939 1875 ab
951 1810 1043 1876 omni
1059 1811 1247 1876 extrinsece

111 1929 301 1995 resistentie
321 1929 550 2004 immunibus3
573 1945 660 2010 quae
680 1925 815 2011 quidem
836 1944 916 1994 cum
937 1928 1021 1994 torte
1043 1923 1246 2012 impossiblte

111 2048 157 2113 sit
177 2049 212 2113 in
234 2049 375 2113 materia
396 2048 558 2123 invenire,
575 2064 618 2112 ne
634 2046 774 2112 miretur
788 2047 922 2130 adquin
936 2046 978 2112 de
993 2047 1045 2112 bis
1059 2045 1246 2130 periculum

112 2167 247 2250 faciens,
259 2167 287 2233 ei
302 2168 507 2252 experientia
522 2166 712 2243 frustretur,
726 2171 761 2229 et
774 2181 932 2249 magnam
943 2165 1131 2250 sphaeram,
1144 2165 1247 2229 etlam

111 2283 139 2350 si
158 2285 194 2349 in
210 2285 310 2368 plarm
332 2284 525 2360 orimntali,
547 2282 687 2348 minime
709 2283 745 2349 vi
767 2300 835 2349 uon
856 2300 952 2366 posse
974 2283 1113 2349 moveri.
1140 2286 1246 2348 Acce-

111 2404 160 2467 dit
174 2403 276 2478 enim,
292 2406 422 2485 praeter
442 2417 564 2467 causas
581 2401 654 2483 lam
668 2401 787 2479 dictae,
803 2401 906 2468 etlam
919 2401 1014 2480 baec,
1029 2381 1244 2484 scilicet'pta-

115 2538 197 2586 num
219 2536 287 2586 non
309 2536 389 2585 rere
415 2536 511 2603 posse
535 2537 607 2586 esse
632 2521 774 2586 crinonti
801 2520 1029 2603 equidistensr
1056 2517 1248 2602 snperdcies

116 2638 207 2703 euim
227 2642 338 2703 terrae
360 2637 535 2720 sphaerica
550 2644 613 2716 est,
630 2637 687 2703 cul
709 2655 775 2703 non
799 2643 907 2721 potest
928 2636 1150 2719 aequidistare
1179 2635 1251 2716 pta·
1319 2722 1321 2727 .

117 2771 213 2830 nnm;
234 2772 338 2836 qnare
359 2756 458 2838 plano
481 2758 514 2823 in
537 2774 605 2822 uuo
626 2762 737 2822 tamen
765 2761 889 2839 puncto
914 2755 1089 2839 sphaeram
1114 2753 1247 2820 contin·

115 2878 224 2954 gente,
234 2873 262 2938 si
274 2890 296 2937 a
307 2872 364 2939 tali
380 2880 503 2958 puncto
514 2875 721 2951 recedamus,
731 2886 865 2940 necesse
875 2879 927 2939 est
942 2873 1133 2948 ascendere;
1144 2884 1248 2954 quare

114 2990 235 3056 merito
257 3009 279 3057 a
300 2991 365 3071 teli
381 2999 506 3077 puncto
528 3011 595 3058 non
618 3010 830 3078 quacumque
851 2993 992 3059 minime
1006 2992 1044 3056 'vl
1060 2990 1182 3074 poterit
1197 3006 1251 3054 re·

115 3109 242 3174 moveri
265 3110 418 3192 sphaera.

202 3221 245 3288 Et
266 3240 309 3288 ex
330 3223 486 3308 hisquae
508 3241 610 3320 snpra
632 3225 856 3290 demonstrata
877 3230 956 3290 sunt
978 3223 1074 3290 iacile
1097 3223 1163 3289 erit
1182 3222 1247 3287 ali·

112 3357 255 3423 quorum
271 3344 513 3426 problematum
536 3345 735 3411 solutionem
758 3345 902 3427 assequi,
926 3345 1040 3426 qualia
1054 3344 1137 3408 baec
1154 3346 1248 3408 sunt:

113 3461 236 3537 Primo,
246 3462 335 3527 datis
356 3463 486 3530 duobus
502 3465 610 3548 planis
624 3465 804 3542 inclinatis,
819 3480 962 3548 quorum
978 3469 1088 3527 rectus
1106 3461 1244 3527 dmoeu·

114 3595 171 3642 sus
193 3578 284 3644 idem
309 3579 375 3654 sit,
397 3582 549 3647 invenire
576 3582 820 3665 proportionem
854 3581 1063 3646 celerttntnm
1097 3578 1247 3661 ejusdem

116 3696 258 3761 mobilis.
296 3696 345 3762 Sit
381 3699 470 3763 enim
508 3708 619 3764 rectus
646 3701 825 3765 descensus
865 3699 919 3764 ΑΒ
955 3696 1016 3783 (l),
1051 3702 1084 3762 et
1115 3696 1251 3781 planum

114 3814 274 3878 orizontis
311 3814 354 3879 sit
390 3815 469 3890 til),
502 3823 536 3880 et
569 3817 635 3881 sint
667 3816 793 3897 obliqui
834 3817 1009 3880 descensus
1045 3812 1128 3890 AC,
1163 3813 1248 3886 sn;

113 3932 287 4012 quaeritur
306 3933 379 4016 jam
400 3950 503 4016 quam
527 3936 772 4016 proportionem
791 3935 913 3999 babeat
937 3932 1092 3999 celeritas
1121 3933 1157 3996 lu
1194 3932 1250 3999 ΕΔ

114 4048 156 4111 ad
175 4051 380 4118 celeritatem
404 4055 437 4118 in
461 4055 534 4128 nb;
557 4061 590 4119 et
612 4057 692 4136 quia
710 4056 796 4119 sicut
820 4055 959 4120 tarditas
983 4056 1019 4120 in
1039 4055 1097 4120 dt)
1116 4054 1159 4119 ad
1182 4059 1250 4116 ter-

115 4166 254 4234 dltatem
277 4171 311 4234 in
336 4173 406 4246 ab,
432 4177 477 4238 ita
501 4179 551 4238 est
575 4174 661 4239 linea
685 4176 740 4239 bs
770 4175 813 4238 ad
840 4175 962 4239 lineam
990 4175 1061 4248 att,
1086 4178 1122 4239 ul
1152 4189 1251 4255 supra

187 4402 221 4493 ω
237 4432 300 4485 ω.
319 4437 340 4495 ι,
358 4436 413 4502 urg.
433 4443 469 4488 rr.
