3120 5168
597 406 707 453 tinelli!
729 408 955 453 inundationis.

631 648 738 711 PARS
762 648 927 713 Tanain.

580 878 679 916 usus
724 878 986 926 patraturus.

291 1066 457 1122 Utdixinus
468 1066 537 1122 dum
549 1066 586 1121 de
598 1063 684 1135 buius
698 1065 879 1121 instrumenti
893 1063 997 1120 labrica
1008 1078 1171 1120 sermonem
1186 1063 1348 1129 babuimus,

217 1158 287 1215 baec
304 1162 403 1230 quarta
420 1158 519 1214 circuli
539 1171 604 1227 pars
623 1157 653 1212 in
672 1156 801 1213 interiori
829 1154 1059 1211 circumferentia
1085 1155 1214 1212 continet
1242 1157 1348 1213 scalam

216 1248 434 1315 libatoriorum,
453 1248 562 1320 deque
580 1262 633 1305 nec
653 1247 771 1303 verbnm
789 1246 903 1318 quidem
919 1244 1098 1315 subiungam,
1117 1247 1187 1302 satis
1198 1246 1277 1302 cuim
1297 1260 1350 1301 uu-

216 1346 261 1395 tna
279 1343 324 1396 est
341 1339 403 1411 ejus
420 1356 508 1407 nsns3
528 1339 557 1395 in
574 1340 629 1395 alia
649 1336 735 1395 babet
752 1338 938 1410 quadrantem
956 1336 1196 1402 astronomicum,
1215 1338 1264 1409 qni
1283 1337 1349 1395 licet

217 1434 332 1500 propter
357 1430 401 1485 sni
424 1431 585 1501 angustiam
609 1428 705 1484 minus
722 1428 898 1483 conveniens
916 1426 953 1482 sit
971 1425 1057 1482 rebus
1079 1427 1277 1483 astronomicis
1296 1432 1350 1482 tra·

215 1520 344 1589 ctandis,
363 1526 458 1579 tamen
477 1522 545 1578 satis
563 1520 710 1577 commode
737 1516 830 1590 pote'st
857 1518 996 1584 turrium,
1015 1517 1164 1574 lluminnm
1196 1521 1225 1574 et
1253 1515 1349 1588 buius-

216 1612 291 1667 modi
312 1614 441 1685 proprias
468 1614 663 1670 dimensiones
687 1612 770 1668 nobis
796 1608 954 1678 exbibere3
972 1611 1056 1667 tertio
1073 1611 1136 1666 locu
1152 1610 1266 1680 ponitur
1283 1625 1349 1682 qua-

214 1707 325 1762 dratum
343 1706 566 1775 gmmclricnm,
585 1706 660 1777 quad
678 1704 715 1761 ad
733 1704 823 1759 dictas
843 1700 1039 1759 dimensiones
1067 1700 1241 1771 indagandas
1262 1715 1346 1771 quam

215 1796 340 1853 manime
356 1796 515 1853 conducere
531 1798 627 1853 nullus
644 1800 689 1852 est
705 1796 755 1867 qni
768 1794 899 1850 dubitare
916 1793 1015 1864 possit,
1032 1792 1117 1849 ruodo
1134 1792 1286 1864 aliquando
1299 1807 1348 1849 an·

214 1890 324 1942 ctornm
341 1892 524 1946 monumenta
543 1888 765 1959 perlustraverit.
783 1886 891 1944 Verum
908 1902 973 1943 cnm
986 1886 1169 1943 astronomici
1179 1887 1345 1958 quadrantis

216 1993 284 2034 usus
302 1979 500 2049 utplurimum
519 1979 556 2035 sit
573 1980 744 2047 laboriosus,
760 1977 945 2050 notitiamque
967 1979 1191 2049 triangulorum,
1210 1978 1346 2044 sinuum,

216 2070 402 2139 tangentium,
420 2076 449 2127 et
467 2069 629 2141 hujusmodi
648 2086 705 2127 non
723 2070 872 2127 minimam
889 2071 1000 2140 exigat,
1020 2070 1084 2127 ideo
1102 2072 1192 2127 sutum
1211 2087 1262 2141 per
1280 2086 1347 2144 qua·

215 2159 327 2217 dratum
347 2161 547 2229 geometricum
565 2161 731 2218 dimetiendi
744 2160 856 2231 praxim
868 2162 1049 2219 conscribere
1060 2161 1186 2230 decrevi,
1198 2164 1348 2233 quaelicet

215 2266 231 2303 a
246 2252 462 2323 quampluribus
479 2253 543 2309 aliis
560 2253 662 2310 didisse
678 2253 830 2309 admodum
853 2253 891 2309 sit
918 2254 1028 2322 tradita,
1048 2258 1143 2311 umen
1161 2269 1228 2310 cum
1246 2254 1283 2310 ab
1299 2255 1348 2311 ali·

212 2343 314 2414 quibus
331 2344 435 2401 secreti
452 2346 515 2400 loco
532 2344 580 2400 bic
598 2345 698 2400 modus
714 2344 953 2401 dimetiendarum
972 2344 1174 2413 altitudinum,
1205 2345 1349 2415 prolandi-

212 2440 301 2494 tatum
319 2444 373 2494 etc.
392 2452 444 2508 per
458 2436 512 2492 boc
526 2436 746 2493 instrumentum
770 2433 925 2503 babeatur,
952 2450 1073 2507 cumque
1091 2436 1147 2492 illis
1164 2436 1215 2508 qni
1232 2435 1345 2493 firmam

212 2526 310 2583 mem
325 2542 382 2583 non
390 2526 530 2584 babentes
547 2526 642 2583 minus
659 2528 808 2584 commode
833 2527 1001 2599 quadratum
1027 2528 1229 2597 geometricum
1248 2543 1346 2585 secum

213 2620 324 2685 gestare
343 2618 456 2683 vdent,
471 2617 627 2675 maximam
645 2616 794 2674 utilitatem
813 2617 850 2673 sit
873 2619 1030 2686 allaturus,
1049 2618 1114 2674 ideo
1131 2633 1189 2674 non
1208 2619 1346 2676 inutiliter

213 2718 262 2760 me
273 2703 409 2763 iacturum
424 2707 598 2774 existimaui,
617 2708 641 2764 si
660 2707 719 2775 illa,
740 2722 812 2778 quae
824 2708 861 2763 ab
872 2708 935 2764 aliis
953 2709 1064 2778 prolixe
1078 2709 1115 2765 de
1129 2709 1265 2780 quadrato
1280 2724 1345 2780 gau·

213 2794 331 2849 metrico
344 2794 458 2853 lucrum
476 2798 588 2864 tradita,
607 2798 741 2855 breviter.
759 2796 882 2853 dilucide
900 2804 1005 2863 tamen,
1024 2800 1060 2855 ad
1078 2800 1133 2855 lroc
1151 2804 1280 2858 nostrum
1299 2802 1344 2857 in·

212 2889 403 2942 strumentum
420 2888 570 2945 reduxero.

221 3076 414 3147 Distontiuor
436 3085 619 3152 intendunt
642 3089 790 3155 lominus
812 3093 847 3156 in
869 3092 974 3157 codem
993 3090 1112 3174 ptuno,
1133 3094 1177 3158 od
1197 3113 1335 3176 quorum
1432 3093 1434 3096 ’

407 3189 544 3255 atterunt
567 3202 690 3258 tuntum
713 3195 816 3260 accedi
836 3199 955 3278 possit,
979 3196 1140 3278 indacum.

697 3372 822 3428 CAPUT
843 3374 863 3429 Ι.

281 3542 439 3603 Notandum
467 3548 628 3620 imprimis,
656 3555 731 3625 quud
759 3553 829 3611 baec
857 3555 1084 3613 circumferentia
1112 3558 1204 3615 diuise
1233 3561 1262 3615 in
1291 3566 1344 3616 200

210 3638 307 3703 partes
329 3636 457 3693 continet
474 3638 604 3697 umbram
624 3649 732 3699 rectam
751 3649 781 3700 et
803 3646 932 3701 umbram
952 3659 1062 3701 versam
1086 3645 1175 3717 ipsius
1193 3649 1345 3721 quadratus

208 3726 393 3799 geometrici,
418 3727 482 3784 ideo
509 3733 540 3785 ut
567 3730 629 3787 illos
660 3734 839 3791 centenarios
864 3734 1039 3805 distinguere
1065 3736 1229 3807 ualeamus,
1252 3756 1277 3796 e.
1305 3757 1342 3811 g..

206 3814 273 3872 dum
293 3832 345 3887 per
366 3817 515 3875 brachium
537 3819 586 3876 cll
606 3824 751 3881 cernimus
770 3826 799 3881 iu
818 3824 908 3897 ligura
932 3820 1019 3897 (Tab.
1041 3825 1112 3895 xli,
1132 3826 1193 3899 lig.
1212 3830 1265 3901 d'l)
1293 3831 1342 3902 qui

202 3908 287 3978 juata
304 3910 447 3966 mensoris
464 3912 576 3968 oculum
595 3914 746 3972 collocatus
764 3916 795 3972 in
813 3916 951 3989 superiori
971 3923 1051 3987 parte
1074 3934 1174 3976 versus
1191 3919 1227 3989 ll,
1243 3937 1342 3977 secun·

206 3994 286 4063 dnm,
305 3998 354 4067 qui
371 4004 465 4056 antem
485 4000 526 4057 illi
544 4002 706 4074 opponitur,
720 4006 844 4076 primum
856 4023 970 4079 semper
983 4006 1193 4066 nominabimus
1207 4030 1215 4080 ;
1234 4012 1343 4082 primns

206 4086 284 4142 enirn
303 4087 385 4145 nobis
401 4093 526 4149 ostendit
544 4096 672 4151 umbram
695 4114 827 4166 versam,
856 4099 998 4156 secundus
1024 4106 1120 4158 autem
1146 4101 1275 4159 umbram
1298 4120 1343 4160 re·

205 4179 292 4233 ctam
311 4176 354 4234 Sit
370 4180 463 4252 ileqne
491 4185 689 4257 investiganda
716 4190 849 4247 distantia
866 4192 936 4255 AB,
955 4197 986 4249 nl
1004 4197 1072 4264 pute
1088 4193 1207 4250 latitudo
1223 4195 1342 4268 alicujus

205 4267 305 4331 ilarii:
323 4284 340 4324 a
355 4278 454 4330 centro
473 4275 655 4335 instrumenti
673 4280 798 4338 dimittas
816 4284 1050 4354 perpendiculum
1068 4285 1159 4342 libere
1177 4289 1338 4353 cadentem,

205 4364 273 4414 tunc
291 4362 460 4421 constitutus
478 4367 508 4422 iu
528 4373 634 4439 puncto
651 4370 692 4437 Α,
710 4372 876 4431 observabis
893 4376 1090 4448 quodcumque
1102 4376 1217 4447 signnm
1229 4378 1265 4447 C,
1280 4394 1342 4449 pro-

208 4463 326 4517 gressus
344 4468 412 4511 veru
429 4456 463 4510 ad
484 4457 576 4515 locum
596 4459 637 4519 G,
658 4477 709 4533 per
727 4462 909 4521 instmmenti
933 4465 1079 4522 brachium
1098 4466 1119 4523 C
1138 4468 1164 4522 ll
1183 4468 1265 4541 (quod
1284 4472 1345 4540 qni·
