3120 5168
222 296 259 360 lll
531 307 690 354 snnuosss
713 307 755 351 un
777 306 858 351 uon·
884 302 1033 352 curru.

214 447 257 505 At
278 441 384 522 qnid?
407 455 514 500 nonne
536 451 665 514 semper
683 436 718 497 in
737 434 796 496 tali
813 439 907 496 motu
929 440 979 495 est
1000 434 1188 496 resistentia
1208 434 1361 509 axin,

210 560 267 639 qni
286 572 385 634 super
415 551 608 612 cardinibus
629 548 789 629 sphaerae
817 549 958 629 pondere
980 551 1112 630 gravati
1136 551 1240 612 notui
1262 553 1360 614 resi·

213 671 322 738 stunt?
344 671 484 734 nemum
500 669 563 730 noc
583 673 618 729 nt
641 667 887 731 animadvertas
910 667 1121 748 velimqnod
1142 667 1279 748 qnando
1298 669 1361 732 di·

213 791 300 852 citur
321 791 449 849 motum
471 785 668 847 circularem
691 771 756 847 non
778 802 849 847 esse
871 784 1066 857 violentum,
1089 783 1289 865 intelligitur
1307 784 1359 847 de

215 906 271 968 illo
295 909 385 966 motu
409 901 565 965 circulari
587 903 644 981 qni
668 900 705 964 fit
727 905 816 966 circa
840 910 992 965 centrum
1014 903 1143 976 mnndi,
1163 901 1275 982 qualis
1298 908 1355 965 est

215 1027 323 1086 motos
344 1018 439 1082 coeli.
461 1019 495 1084 Si
518 1020 630 1099 itaque
647 1036 833 1084 memora
849 1020 992 1102 sphaera
1008 1021 1167 1083 existeret
1184 1021 1220 1083 in
1232 1025 1356 1083 centro

213 1138 349 1211 mundi,
382 1138 429 1199 ita
461 1141 500 1199 nt
531 1142 682 1200 centrum
704 1137 819 1202 nudi
840 1146 875 1202 et
894 1146 1048 1201 centrum
1079 1137 1240 1219 sphaerae
1259 1144 1355 1202 met

212 1255 310 1327 idem,
332 1253 451 1316 deinde
474 1253 606 1316 initium
628 1259 739 1317 motus
760 1254 1263 1334 mindonensem
1283 1253 1352 1317 da-

210 1377 316 1443 retur,
333 1375 411 1434 tunc
425 1369 563 1450 sphaera
580 1370 719 1434 torum
733 1389 800 1434 uon
814 1376 1003 1435 moveretur
1015 1378 1109 1433 motu
1125 1370 1271 1434 violento
1286 1373 1362 1435 sed:

211 1485 368 1562 naturali,
390 1501 469 1546 cum
490 1485 582 1547 nulle
606 1485 652 1549 iii
673 1494 760 1549 esset
780 1487 897 1550 axium
918 1487 1122 1560 resistentia,
1141 1503 1203 1550 nec
1235 1491 1353 1566 portes

211 1605 370 1686 sphaerae
385 1606 500 1665 centro
511 1602 625 1666 mnndi
637 1604 831 1667 accederent
846 1611 905 1667 ant
921 1604 1121 1666 recederent.
1136 1602 1216 1667 llixi
1233 1607 1351 1665 autem

212 1721 360 1796 tortasse,
380 1719 461 1800 qnia
483 1717 510 1778 si
536 1717 611 1781 tatis
631 1726 743 1782 notm
764 1736 829 1783 non
856 1726 941 1783 esset
968 1720 1156 1794 violentus,
1182 1726 1346 1802 perpetuo

210 1841 360 1909 duraret;
378 1838 441 1900 ista
457 1840 569 1897 autem
592 1844 702 1901 motus
719 1839 900 1902 aeternitas
914 1840 956 1902 ab
974 1838 1077 1918 ipsios
1093 1845 1199 1901 terrae
1214 1843 1340 1902 natura

211 1955 307 2034 longe
329 1954 445 2016 abesse
469 1949 610 2023 videtur,
632 1954 687 2016 cni
709 1954 804 2034 quies
817 1955 997 2033 jucundior
1014 1971 1115 2035 quum
1137 1960 1249 2019 motus
1264 1971 1341 2018 esse

210 2069 345 2133 videtur
361 2063 416 2151 (l).
436 2065 488 2129 Ex
506 2066 687 2132 rationibus
707 2070 983 2150 itnqneomnibus
995 2071 1106 2134 allatis
1122 2072 1203 2134 eatis
1214 2070 1345 2152 perspi·

209 2201 311 2248 cuum
326 2199 397 2245 esse
413 2181 556 2258 videtur,
569 2184 714 2248 medinm
729 2188 849 2251 nedum
861 2188 981 2270 juvare
998 2195 1126 2252 motum
1141 2188 1292 2269 quinimo
1305 2195 1342 2252 et

208 2301 313 2366 motui
337 2300 444 2383 magis
465 2301 606 2365 obstare.
629 2301 897 2368 Concludendnm
916 2306 1028 2386 itaque
1042 2312 1103 2380 est,
1121 2305 1242 2371 mobile
1256 2306 1341 2371 dum

210 2427 304 2512 motu
328 2420 601 2501 praeternaturali
620 2426 783 2496 movetur,
807 2424 931 2487 moveri
950 2442 970 2486 a
990 2425 1114 2489 virtute
1135 2425 1296 2504 impressa
1318 2442 1342 2488 n

208 2546 357 2605 motore:
372 2538 459 2619 ‚qnid
483 2544 594 2603 antem
618 2541 661 2603 sit
683 2541 746 2604 ista
771 2542 877 2606 virtus
892 2546 986 2608 nobis
1009 2543 1241 2608 absconditum
1255 2559 1341 2607 esse.

295 2660 476 2723 DoutnlclJS.
522 2658 608 2721 Salis
632 2659 764 2722 tandem
786 2659 829 2721 sit
852 2659 916 2722 istn
938 2660 1051 2740 opinio
1082 2659 1275 2732 conlutnta;
1303 2667 1338 2723 et

208 2787 380 2864 postquam
397 2777 578 2842 rationibus
597 2780 661 2843 tuis
687 2796 761 2842 snm
787 2779 972 2849 convictos,
993 2779 1195 2841 concedatur
1214 2776 1337 2840 mobile

207 2915 270 2962 non
295 2913 314 2956 a
338 2892 447 2955 medio
469 2895 525 2957 sed
548 2912 567 2955 a
587 2897 710 2959 virtute
732 2896 890 2974 impressa
917 2895 1067 2958 moveri:
1103 2910 1191 2956 nnnc
1219 2896 1332 2955 autem

205 3023 381 3095 autequam
405 3010 573 3072 demedio
594 3012 771 3090 quicquam
794 3011 909 3083 dions,
930 3015 968 3072 ut
991 3011 1073 3073 milri
1096 3010 1251 3091 explanes
1274 3025 1333 3072 ve-

205 3137 262 3200 lim
286 3127 452 3213 quomodo
474 3125 638 3204 intelligas
654 3126 687 3187 in
706 3125 847 3188 naturali
873 3133 964 3190 motu
987 3126 1107 3190 mobile
1129 3146 1149 3190 n
1169 3128 1345 3209 gravitate.

206 3254 257 3320 vel
283 3250 418 3315 levltate
443 3244 581 3309 moveri,

293 3373 500 3431 Annxinnnn.
523 3361 615 3439 Quae
650 3361 689 3423 de
722 3367 875 3424 movente
906 3361 1048 3424 naturali
1072 3363 1167 3426 etde
1201 3361 1332 3434 medlo,

203 3496 365 3574 qnatenus
387 3483 429 3547 ad
453 3496 605 3562 praesens
629 3480 802 3560 negocium
825 3485 973 3559 spectat,
995 3479 1134 3542 dicenda
1155 3486 1253 3552 sunl,
1287 3478 1334 3540 si-

204 3608 272 3673 mul
295 3601 456 3669 declarari
480 3597 651 3663 commode
676 3601 819 3677 possunt.
843 3594 1052 3676 supponatur
1073 3599 1188 3676 itaque
1223 3596 1330 3675 primo

199 3730 245 3790 slc
269 3745 288 3791 a
310 3729 431 3788 natura
452 3719 670 3784 constitutum
692 3733 763 3780 esse
797 3721 834 3778 nt
869 3715 1022 3798 graviora
1056 3717 1118 3780 snb
1152 3714 1331 3780 levioribus

200 3847 364 3913 maneant,
379 3837 467 3919 quod
485 3836 618 3918 quidem
642 3836 688 3899 ita
711 3851 782 3898 esse
804 3834 914 3897 sensui
937 3833 1243 3899 manifestissimum
1272 3838 1330 3894 est.

273 4081 308 4139 (1)
323 4078 354 4128 ln
371 4076 554 4141 quest'ultima
571 4072 742 4137 espressione‚
759 4072 809 4122 obe
825 4069 927 4121 seniora
945 4068 1051 4118 rilerlrsi
1068 4065 1118 4118 nlla
1141 4068 1215 4132 leae
1232 4069 1335 4118 d'iner·

199 4175 245 4233 alr,
265 4172 328 4221 lde
346 4176 437 4221 notare
451 4182 527 4219 come
543 4165 642 4218 Galileo
659 4167 695 4215 sia
711 4166 751 4229 gli
767 4176 847 4214 meno
863 4162 1023 4214 allermntlro
1039 4161 1064 4210 di
1080 4161 1140 4225 quel
1156 4160 1206 4210 che
1224 4160 1292 4210 losse
1308 4159 1331 4206 la

199 4261 297 4316 socole,
314 4261 338 4310 la
357 4261 434 4325 quale
450 4260 558 4310 delinita
575 4255 661 4322 quelli
678 4256 807 4319 propriett
823 4253 891 4305 della
907 4252 1016 4303 moterlo
1032 4262 1107 4302 come
1123 4251 1206 4302 decisa
1223 4262 1332 4314 propen-

198 4355 269 4404 sione
286 4353 336 4402 alla
353 4353 448 4417 quiete.
