<?xml version="1.0" encoding="UTF-8"?>
<!DOCTYPE html PUBLIC "-//W3C//DTD XHTML 1.0 Transitional//EN"
    "http://www.w3.org/TR/xhtml1/DTD/xhtml1-transitional.dtd">
<html xmlns="http://www.w3.org/1999/xhtml" xml:lang="en" lang="en">
 <head>
  <title>
</title>
<meta http-equiv="Content-Type" content="text/html;charset=utf-8" />
  <meta name='ocr-system' content='tesseract 3.04.00' />
  <meta name='ocr-capabilities' content='ocr_page ocr_carea ocr_par ocr_line ocrx_word'/>
</head>
<body>
  <div class='ocr_page' id='page_1' title='image "./leoperedigalile06vivigoog_0087.png"; bbox 0 0 3120 5168; ppageno 0'>
   <div class='ocr_carea' id='block_1_1' title="bbox 526 343 1340 441">
    <p class='ocr_par' dir='ltr' id='par_1_1' title="bbox 526 343 1340 441">
     <span class='ocr_line' id='line_1_1' title="bbox 526 343 1340 441; baseline -0.004 -11"><span class='ocrx_word' id='word_1_1' title='bbox 526 381 684 430; x_wconf 79' lang='lat' dir='ltr'><strong>sunuorrns</strong></span> <span class='ocrx_word' id='word_1_2' title='bbox 708 343 748 427; x_wconf 74' lang='lat' dir='ltr'><strong>nu</strong></span> <span class='ocrx_word' id='word_1_3' title='bbox 771 381 853 426; x_wconf 87' lang='lat' dir='ltr'><strong>rroru</strong></span> <span class='ocrx_word' id='word_1_4' title='bbox 878 382 1029 441; x_wconf 71' lang='lat' dir='ltr'><strong>cucuron.</strong></span> <span class='ocrx_word' id='word_1_5' title='bbox 1301 369 1340 434; x_wconf 81' lang='lat' dir='ltr'><strong>7t</strong></span> 
     </span>
    </p>
   </div>
   <div class='ocr_carea' id='block_1_2' title="bbox 205 510 1419 4496">
    <p class='ocr_par' dir='ltr' id='par_1_2' title="bbox 208 510 1404 1191">
     <span class='ocr_line' id='line_1_2' title="bbox 209 510 1348 595; baseline -0.002 -15"><span class='ocrx_word' id='word_1_6' title='bbox 209 519 346 595; x_wconf 76' lang='lat' dir='ltr'><strong>accepto</strong></span> <span class='ocrx_word' id='word_1_7' title='bbox 357 513 565 593; x_wconf 84' lang='lat' dir='ltr'><strong>conjunctae,</strong></span> <span class='ocrx_word' id='word_1_8' title='bbox 575 516 624 575; x_wconf 91' lang='lat' dir='ltr'><strong>est</strong></span> <span class='ocrx_word' id='word_1_9' title='bbox 636 510 765 582; x_wconf 86' lang='lat' dir='ltr'><strong>levitas,</strong></span> <span class='ocrx_word' id='word_1_10' title='bbox 778 510 999 575; x_wconf 68' lang='lat' dir='ltr'><strong>retardabitur</strong></span> <span class='ocrx_word' id='word_1_11' title='bbox 1008 516 1128 585; x_wconf 91' lang='lat' dir='ltr'><strong>motus,</strong></span> <span class='ocrx_word' id='word_1_12' title='bbox 1139 517 1172 575; x_wconf 92' lang='lat' dir='ltr'><strong>et</strong></span> <span class='ocrx_word' id='word_1_13' title='bbox 1183 530 1223 576; x_wconf 89' lang='lat' dir='ltr'><strong>eo</strong></span> <span class='ocrx_word' id='word_1_14' title='bbox 1234 531 1348 594; x_wconf 84' lang='lat' dir='ltr'><strong>usque,</strong></span> 
     </span>
     <span class='ocr_line' id='line_1_3' title="bbox 209 628 1345 712; baseline -0.003 -14"><span class='ocrx_word' id='word_1_15' title='bbox 209 635 315 699; x_wconf 89' lang='lat' dir='ltr'><strong>donec</strong></span> <span class='ocrx_word' id='word_1_16' title='bbox 337 631 538 706; x_wconf 87' lang='lat' dir='ltr'><strong>descendens</strong></span> <span class='ocrx_word' id='word_1_17' title='bbox 557 630 600 693; x_wconf 89' lang='lat' dir='ltr'><strong>ad</strong></span> <span class='ocrx_word' id='word_1_18' title='bbox 618 630 805 695; x_wconf 78' lang='lat' dir='ltr'><strong>naturalem</strong></span> <span class='ocrx_word' id='word_1_19' title='bbox 831 628 1023 694; x_wconf 85' lang='lat' dir='ltr'><strong>tarditatem</strong></span> <span class='ocrx_word' id='word_1_20' title='bbox 1044 630 1345 712; x_wconf 56' lang='lat' dir='ltr'><strong>deveneruntque</strong></span> 
     </span>
     <span class='ocr_line' id='line_1_4' title="bbox 210 745 1347 830; baseline 0 -18"><span class='ocrx_word' id='word_1_21' title='bbox 210 752 238 813; x_wconf 91' lang='lat' dir='ltr'><strong>si</strong></span> <span class='ocrx_word' id='word_1_22' title='bbox 261 766 348 830; x_wconf 82' lang='lat' dir='ltr'><strong>aqna</strong></span> <span class='ocrx_word' id='word_1_23' title='bbox 373 749 456 812; x_wconf 88' lang='lat' dir='ltr'><strong>satis</strong></span> <span class='ocrx_word' id='word_1_24' title='bbox 480 746 579 810; x_wconf 90' lang='lat' dir='ltr'><strong>inerit</strong></span> <span class='ocrx_word' id='word_1_25' title='bbox 603 745 784 827; x_wconf 85' lang='lat' dir='ltr'><strong>protunda,</strong></span> <span class='ocrx_word' id='word_1_26' title='bbox 802 764 868 809; x_wconf 91' lang='lat' dir='ltr'><strong>non</strong></span> <span class='ocrx_word' id='word_1_27' title='bbox 886 746 1046 828; x_wconf 84' lang='lat' dir='ltr'><strong>majorem</strong></span> <span class='ocrx_word' id='word_1_28' title='bbox 1063 747 1097 811; x_wconf 92' lang='lat' dir='ltr'><strong>iu</strong></span> <span class='ocrx_word' id='word_1_29' title='bbox 1114 745 1215 811; x_wconf 83' lang='lat' dir='ltr'><strong>tundo</strong></span> <span class='ocrx_word' id='word_1_30' title='bbox 1231 747 1347 812; x_wconf 82' lang='lat' dir='ltr'><strong>laesio·</strong></span> 
     </span>
     <span class='ocr_line' id='line_1_5' title="bbox 209 863 1349 946; baseline 0 -15"><span class='ocrx_word' id='word_1_31' title='bbox 209 885 287 931; x_wconf 89' lang='lat' dir='ltr'><strong>nem</strong></span> <span class='ocrx_word' id='word_1_32' title='bbox 312 867 480 946; x_wconf 87' lang='lat' dir='ltr'><strong>patietur,</strong></span> <span class='ocrx_word' id='word_1_33' title='bbox 503 880 602 944; x_wconf 87' lang='lat' dir='ltr'><strong>quam</strong></span> <span class='ocrx_word' id='word_1_34' title='bbox 627 865 654 927; x_wconf 92' lang='lat' dir='ltr'><strong>si</strong></span> <span class='ocrx_word' id='word_1_35' title='bbox 678 881 721 925; x_wconf 82' lang='lat' dir='ltr'><strong>ex</strong></span> <span class='ocrx_word' id='word_1_36' title='bbox 745 879 851 943; x_wconf 84' lang='lat' dir='ltr'><strong>aquae</strong></span> <span class='ocrx_word' id='word_1_37' title='bbox 874 863 1067 927; x_wconf 86' lang='lat' dir='ltr'><strong>summitate</strong></span> <span class='ocrx_word' id='word_1_38' title='bbox 1091 864 1223 945; x_wconf 89' lang='lat' dir='ltr'><strong>proprio</strong></span> <span class='ocrx_word' id='word_1_39' title='bbox 1251 870 1349 931; x_wconf 88' lang='lat' dir='ltr'><strong>natu-</strong></span> 
     </span>
     <span class='ocr_line' id='line_1_6' title="bbox 208 981 1404 1066; baseline -0.008 -15"><span class='ocrx_word' id='word_1_40' title='bbox 208 985 338 1065; x_wconf 87' lang='lat' dir='ltr'><strong>ralique</strong></span> <span class='ocrx_word' id='word_1_41' title='bbox 349 989 441 1048; x_wconf 89' lang='lat' dir='ltr'><strong>motu</strong></span> <span class='ocrx_word' id='word_1_42' title='bbox 451 982 688 1047; x_wconf 81' lang='lat' dir='ltr'><strong>descendisset:</strong></span> <span class='ocrx_word' id='word_1_43' title='bbox 702 987 791 1062; x_wconf 89' lang='lat' dir='ltr'><strong>patet</strong></span> <span class='ocrx_word' id='word_1_44' title='bbox 803 998 882 1064; x_wconf 80' lang='lat' dir='ltr'><strong>ergo</strong></span> <span class='ocrx_word' id='word_1_45' title='bbox 895 982 1083 1061; x_wconf 86' lang='lat' dir='ltr'><strong>unicnique,</strong></span> <span class='ocrx_word' id='word_1_46' title='bbox 1096 981 1239 1045; x_wconf 86' lang='lat' dir='ltr'><strong>naturali</strong></span> <span class='ocrx_word' id='word_1_47' title='bbox 1254 990 1345 1066; x_wconf 82' lang='lat' dir='ltr'><strong>motu</strong></span> <span class='ocrx_word' id='word_1_48' title='bbox 1400 1028 1404 1042; x_wconf 80' lang='grc'>.</span> 
     </span>
     <span class='ocr_line' id='line_1_7' title="bbox 212 1100 1326 1191; baseline -0.004 -22"><span class='ocrx_word' id='word_1_49' title='bbox 212 1103 450 1174; x_wconf 85' lang='lat' dir='ltr'><strong>descendenti,</strong></span> <span class='ocrx_word' id='word_1_50' title='bbox 475 1101 730 1164; x_wconf 86' lang='lat' dir='ltr'><strong>determinatam</strong></span> <span class='ocrx_word' id='word_1_51' title='bbox 756 1100 960 1191; x_wconf 81' lang='lat' dir='ltr'><strong>celeritatem</strong></span> <span class='ocrx_word' id='word_1_52' title='bbox 986 1100 1223 1181; x_wconf 80' lang='lat' dir='ltr'><strong>praescriptam</strong></span> <span class='ocrx_word' id='word_1_53' title='bbox 1245 1117 1326 1166; x_wconf 87' lang='lat' dir='ltr'><strong>esse.</strong></span> 
     </span>
    </p>

    <p class='ocr_par' dir='ltr' id='par_1_3' title="bbox 205 1217 1419 4496">
     <span class='ocr_line' id='line_1_8' title="bbox 302 1217 1349 1297; baseline -0.003 -11"><span class='ocrx_word' id='word_1_54' title='bbox 302 1220 551 1288; x_wconf 80' lang='lat' dir='ltr'><strong>verumetiam</strong></span> <span class='ocrx_word' id='word_1_55' title='bbox 585 1219 612 1282; x_wconf 93' lang='lat' dir='ltr'><strong>si</strong></span> <span class='ocrx_word' id='word_1_56' title='bbox 646 1234 774 1297; x_wconf 86' lang='lat' dir='ltr'><strong>semper</strong></span> <span class='ocrx_word' id='word_1_57' title='bbox 807 1217 961 1281; x_wconf 81' lang='lat' dir='ltr'><strong>celeritas</strong></span> <span class='ocrx_word' id='word_1_58' title='bbox 981 1217 1217 1294; x_wconf 81' lang='lat' dir='ltr'><strong>intenderetur,</strong></span> <span class='ocrx_word' id='word_1_59' title='bbox 1240 1228 1272 1282; x_wconf 89' lang='lat' dir='ltr'><strong>et</strong></span> <span class='ocrx_word' id='word_1_60' title='bbox 1295 1219 1349 1284; x_wconf 92' lang='lat' dir='ltr'><strong>in·</strong></span> 
     </span>
     <span class='ocr_line' id='line_1_9' title="bbox 210 1337 1347 1418; baseline -0.003 -14"><span class='ocrx_word' id='word_1_61' title='bbox 210 1339 344 1404; x_wconf 74' lang='lat' dir='ltr'><strong>finitum</strong></span> <span class='ocrx_word' id='word_1_62' title='bbox 378 1343 463 1400; x_wconf 91' lang='lat' dir='ltr'><strong>esset</strong></span> <span class='ocrx_word' id='word_1_63' title='bbox 498 1337 643 1418; x_wconf 90' lang='lat' dir='ltr'><strong>spatium</strong></span> <span class='ocrx_word' id='word_1_64' title='bbox 675 1342 808 1410; x_wconf 88' lang='lat' dir='ltr'><strong>motus,</strong></span> <span class='ocrx_word' id='word_1_65' title='bbox 830 1352 894 1398; x_wconf 92' lang='lat' dir='ltr'><strong>non</strong></span> <span class='ocrx_word' id='word_1_66' title='bbox 921 1343 1031 1400; x_wconf 86' lang='lat' dir='ltr'><strong>tamen</strong></span> <span class='ocrx_word' id='word_1_67' title='bbox 1059 1342 1252 1416; x_wconf 86' lang='lat' dir='ltr'><strong>sequeretur</strong></span> <span class='ocrx_word' id='word_1_68' title='bbox 1276 1355 1347 1401; x_wconf 92' lang='lat' dir='ltr'><strong>mo·</strong></span> 
     </span>
     <span class='ocr_line' id='line_1_10' title="bbox 211 1451 1348 1527; baseline -0.004 -7"><span class='ocrx_word' id='word_1_69' title='bbox 211 1465 285 1520; x_wconf 90' lang='lat' dir='ltr'><strong>tum</strong></span> <span class='ocrx_word' id='word_1_70' title='bbox 309 1456 441 1519; x_wconf 90' lang='lat' dir='ltr'><strong>tandem</strong></span> <span class='ocrx_word' id='word_1_71' title='bbox 467 1453 509 1517; x_wconf 90' lang='lat' dir='ltr'><strong>ad</strong></span> <span class='ocrx_word' id='word_1_72' title='bbox 533 1453 699 1517; x_wconf 89' lang='lat' dir='ltr'><strong>infinitam</strong></span> <span class='ocrx_word' id='word_1_73' title='bbox 726 1453 931 1516; x_wconf 89' lang='lat' dir='ltr'><strong>celeritatem</strong></span> <span class='ocrx_word' id='word_1_74' title='bbox 960 1451 1137 1527; x_wconf 87' lang='lat' dir='ltr'><strong>devenire,</strong></span> <span class='ocrx_word' id='word_1_75' title='bbox 1167 1459 1199 1516; x_wconf 89' lang='lat' dir='ltr'><strong>et</strong></span> <span class='ocrx_word' id='word_1_76' title='bbox 1227 1452 1348 1518; x_wconf 86' lang='lat' dir='ltr'><strong>mobile</strong></span> 
     </span>
     <span class='ocr_line' id='line_1_11' title="bbox 209 1567 1348 1655; baseline -0.004 -15"><span class='ocrx_word' id='word_1_77' title='bbox 209 1576 253 1641; x_wconf 90' lang='lat' dir='ltr'><strong>ad</strong></span> <span class='ocrx_word' id='word_1_78' title='bbox 285 1573 450 1638; x_wconf 90' lang='lat' dir='ltr'><strong>inlinitam</strong></span> <span class='ocrx_word' id='word_1_79' title='bbox 481 1573 702 1655; x_wconf 69' lang='lat' dir='ltr'><strong>gravitatem</strong></span> <span class='ocrx_word' id='word_1_80' title='bbox 732 1572 818 1652; x_wconf 90' lang='lat' dir='ltr'><strong>qnod</strong></span> <span class='ocrx_word' id='word_1_81' title='bbox 841 1588 907 1634; x_wconf 93' lang='lat' dir='ltr'><strong>non</strong></span> <span class='ocrx_word' id='word_1_82' title='bbox 929 1567 1065 1634; x_wconf 87' lang='lat' dir='ltr'><strong>difficile</strong></span> <span class='ocrx_word' id='word_1_83' title='bbox 1092 1572 1156 1634; x_wconf 91' lang='lat' dir='ltr'><strong>erit</strong></span> <span class='ocrx_word' id='word_1_84' title='bbox 1178 1572 1227 1635; x_wconf 90' lang='lat' dir='ltr'><strong>eis</strong></span> <span class='ocrx_word' id='word_1_85' title='bbox 1249 1572 1348 1636; x_wconf 88' lang='lat' dir='ltr'><strong>intel·</strong></span> 
     </span>
     <span class='ocr_line' id='line_1_12' title="bbox 206 1686 1346 1774; baseline -0.001 -19"><span class='ocrx_word' id='word_1_86' title='bbox 206 1692 325 1774; x_wconf 77' lang='lat' dir='ltr'><strong>ligere,</strong></span> <span class='ocrx_word' id='word_1_87' title='bbox 347 1693 403 1770; x_wconf 90' lang='lat' dir='ltr'><strong>qui</strong></span> <span class='ocrx_word' id='word_1_88' title='bbox 427 1691 461 1752; x_wconf 92' lang='lat' dir='ltr'><strong>in</strong></span> <span class='ocrx_word' id='word_1_89' title='bbox 486 1689 730 1752; x_wconf 84' lang='lat' dir='ltr'><strong>mathematicis</strong></span> <span class='ocrx_word' id='word_1_90' title='bbox 754 1689 876 1754; x_wconf 84' lang='lat' dir='ltr'><strong>versati</strong></span> <span class='ocrx_word' id='word_1_91' title='bbox 892 1686 1027 1752; x_wconf 87' lang='lat' dir='ltr'><strong>luerint:</strong></span> <span class='ocrx_word' id='word_1_92' title='bbox 1047 1687 1156 1751; x_wconf 92' lang='lat' dir='ltr'><strong>simile</strong></span> <span class='ocrx_word' id='word_1_93' title='bbox 1175 1688 1264 1752; x_wconf 89' lang='lat' dir='ltr'><strong>enim</strong></span> <span class='ocrx_word' id='word_1_94' title='bbox 1285 1690 1346 1771; x_wconf 82' lang='lat' dir='ltr'><strong>boo</strong></span> 
     </span>
     <span class='ocr_line' id='line_1_13' title="bbox 205 1804 1348 1892; baseline -0.001 -20"><span class='ocrx_word' id='word_1_95' title='bbox 205 1815 262 1884; x_wconf 85' lang='lat' dir='ltr'><strong>est</strong></span> <span class='ocrx_word' id='word_1_96' title='bbox 283 1810 315 1871; x_wconf 86' lang='lat' dir='ltr'><strong>ei</strong></span> <span class='ocrx_word' id='word_1_97' title='bbox 340 1807 452 1892; x_wconf 84' lang='lat' dir='ltr'><strong>(quod</strong></span> <span class='ocrx_word' id='word_1_98' title='bbox 474 1808 540 1870; x_wconf 89' lang='lat' dir='ltr'><strong>illis</strong></span> <span class='ocrx_word' id='word_1_99' title='bbox 564 1806 631 1870; x_wconf 85' lang='lat' dir='ltr'><strong>lere</strong></span> <span class='ocrx_word' id='word_1_100' title='bbox 654 1806 807 1869; x_wconf 90' lang='lat' dir='ltr'><strong>omnibus</strong></span> <span class='ocrx_word' id='word_1_101' title='bbox 829 1805 1032 1885; x_wconf 87' lang='lat' dir='ltr'><strong>impossibile</strong></span> <span class='ocrx_word' id='word_1_102' title='bbox 1051 1804 1193 1880; x_wconf 88' lang='lat' dir='ltr'><strong>videtur,</strong></span> <span class='ocrx_word' id='word_1_103' title='bbox 1210 1806 1267 1886; x_wconf 84' lang='lat' dir='ltr'><strong>qui</strong></span> <span class='ocrx_word' id='word_1_104' title='bbox 1289 1805 1348 1871; x_wconf 90' lang='lat' dir='ltr'><strong>de·</strong></span> 
     </span>
     <span class='ocr_line' id='line_1_14' title="bbox 214 1919 1347 2007; baseline -0.007 -13"><span class='ocrx_word' id='word_1_105' title='bbox 214 1927 462 1994; x_wconf 84' lang='lat' dir='ltr'><strong>monstrationis</strong></span> <span class='ocrx_word' id='word_1_106' title='bbox 479 1943 544 1989; x_wconf 89' lang='lat' dir='ltr'><strong>uon</strong></span> <span class='ocrx_word' id='word_1_107' title='bbox 561 1931 638 1988; x_wconf 89' lang='lat' dir='ltr'><strong>sunt</strong></span> <span class='ocrx_word' id='word_1_108' title='bbox 653 1940 794 2006; x_wconf 88' lang='lat' dir='ltr'><strong>capaces</strong></span> <span class='ocrx_word' id='word_1_109' title='bbox 805 1919 828 2007; x_wconf 87' lang='lat'><strong>).</strong></span> <span class='ocrx_word' id='word_1_110' title='bbox 851 1923 940 2004; x_wconf 88' lang='lat' dir='ltr'><strong>quod</strong></span> <span class='ocrx_word' id='word_1_111' title='bbox 957 1923 1087 1988; x_wconf 79' lang='lat' dir='ltr'><strong>scilicet</strong></span> <span class='ocrx_word' id='word_1_112' title='bbox 1105 1923 1248 1987; x_wconf 81' lang='lat' dir='ltr'><strong>inveniri</strong></span> <span class='ocrx_word' id='word_1_113' title='bbox 1269 1941 1347 2006; x_wconf 86' lang='lat' dir='ltr'><strong>pos·</strong></span> 
     </span>
     <span class='ocr_line' id='line_1_15' title="bbox 213 2043 1345 2124; baseline -0.003 -16"><span class='ocrx_word' id='word_1_114' title='bbox 213 2045 280 2115; x_wconf 84' lang='lat' dir='ltr'><strong>sint</strong></span> <span class='ocrx_word' id='word_1_115' title='bbox 296 2046 380 2110; x_wconf 86' lang='lat' dir='ltr'><strong>duae</strong></span> <span class='ocrx_word' id='word_1_116' title='bbox 398 2045 515 2118; x_wconf 88' lang='lat' dir='ltr'><strong>lineae,</strong></span> <span class='ocrx_word' id='word_1_117' title='bbox 529 2060 615 2124; x_wconf 87' lang='lat' dir='ltr'><strong>quae</strong></span> <span class='ocrx_word' id='word_1_118' title='bbox 634 2045 668 2109; x_wconf 89' lang='lat' dir='ltr'><strong>in</strong></span> <span class='ocrx_word' id='word_1_119' title='bbox 684 2043 852 2108; x_wconf 88' lang='lat' dir='ltr'><strong>inlinitum</strong></span> <span class='ocrx_word' id='word_1_120' title='bbox 874 2047 1061 2123; x_wconf 88' lang='lat' dir='ltr'><strong>protractae</strong></span> <span class='ocrx_word' id='word_1_121' title='bbox 1074 2059 1204 2124; x_wconf 87' lang='lat' dir='ltr'><strong>semper</strong></span> <span class='ocrx_word' id='word_1_122' title='bbox 1224 2058 1345 2123; x_wconf 87' lang='lat' dir='ltr'><strong>appro-</strong></span> 
     </span>
     <span class='ocr_line' id='line_1_16' title="bbox 213 2161 1347 2244; baseline 0.001 -18"><span class='ocrx_word' id='word_1_123' title='bbox 213 2165 434 2244; x_wconf 90' lang='lat' dir='ltr'><strong>pinquentur,</strong></span> <span class='ocrx_word' id='word_1_124' title='bbox 468 2180 639 2243; x_wconf 89' lang='lat' dir='ltr'><strong>nunquam</strong></span> <span class='ocrx_word' id='word_1_125' title='bbox 664 2169 773 2226; x_wconf 87' lang='lat' dir='ltr'><strong>tamen</strong></span> <span class='ocrx_word' id='word_1_126' title='bbox 796 2167 1020 2236; x_wconf 89' lang='lat' dir='ltr'><strong>concurrant,</strong></span> <span class='ocrx_word' id='word_1_127' title='bbox 1047 2163 1095 2226; x_wconf 88' lang='lat' dir='ltr'><strong>ita</strong></span> <span class='ocrx_word' id='word_1_128' title='bbox 1117 2167 1155 2226; x_wconf 92' lang='lat' dir='ltr'><strong>ut</strong></span> <span class='ocrx_word' id='word_1_129' title='bbox 1178 2161 1347 2241; x_wconf 73' lang='lat' dir='ltr'><strong>distantia,</strong></span> 
     </span>
     <span class='ocr_line' id='line_1_17' title="bbox 212 2278 1344 2361; baseline -0.005 -16"><span class='ocrx_word' id='word_1_130' title='bbox 212 2298 298 2361; x_wconf 84' lang='lat' dir='ltr'><strong>quae</strong></span> <span class='ocrx_word' id='word_1_131' title='bbox 322 2281 407 2344; x_wconf 87' lang='lat' dir='ltr'><strong>inter</strong></span> <span class='ocrx_word' id='word_1_132' title='bbox 428 2298 485 2343; x_wconf 89' lang='lat' dir='ltr'><strong>eas</strong></span> <span class='ocrx_word' id='word_1_133' title='bbox 499 2284 561 2353; x_wconf 87' lang='lat' dir='ltr'><strong>est,</strong></span> <span class='ocrx_word' id='word_1_134' title='bbox 577 2296 707 2360; x_wconf 87' lang='lat' dir='ltr'><strong>semper</strong></span> <span class='ocrx_word' id='word_1_135' title='bbox 729 2281 762 2342; x_wconf 93' lang='lat' dir='ltr'><strong>in</strong></span> <span class='ocrx_word' id='word_1_136' title='bbox 786 2280 956 2343; x_wconf 88' lang='lat' dir='ltr'><strong>inlinitum</strong></span> <span class='ocrx_word' id='word_1_137' title='bbox 975 2278 1158 2354; x_wconf 87' lang='lat' dir='ltr'><strong>minuatur,</strong></span> <span class='ocrx_word' id='word_1_138' title='bbox 1175 2294 1344 2358; x_wconf 87' lang='lat' dir='ltr'><strong>nunquam</strong></span> 
     </span>
     <span class='ocr_line' id='line_1_18' title="bbox 213 2397 1346 2473; baseline -0.003 -8"><span class='ocrx_word' id='word_1_139' title='bbox 213 2407 322 2465; x_wconf 88' lang='lat' dir='ltr'><strong>tamen</strong></span> <span class='ocrx_word' id='word_1_140' title='bbox 346 2402 551 2465; x_wconf 86' lang='lat' dir='ltr'><strong>absumatur.</strong></span> <span class='ocrx_word' id='word_1_141' title='bbox 577 2400 701 2465; x_wconf 85' lang='lat' dir='ltr'><strong>Verum</strong></span> <span class='ocrx_word' id='word_1_142' title='bbox 726 2398 807 2465; x_wconf 84' lang='lat' dir='ltr'><strong>tales</strong></span> <span class='ocrx_word' id='word_1_143' title='bbox 831 2400 936 2463; x_wconf 87' lang='lat' dir='ltr'><strong>lineas</strong></span> <span class='ocrx_word' id='word_1_144' title='bbox 958 2397 1032 2462; x_wconf 84' lang='lat' dir='ltr'><strong>dari</strong></span> <span class='ocrx_word' id='word_1_145' title='bbox 1059 2413 1175 2473; x_wconf 92' lang='lat' dir='ltr'><strong>omnes</strong></span> <span class='ocrx_word' id='word_1_146' title='bbox 1201 2402 1346 2471; x_wconf 89' lang='lat' dir='ltr'><strong>norunt,</strong></span> 
     </span>
     <span class='ocr_line' id='line_1_19' title="bbox 210 2514 1346 2599; baseline -0.001 -19"><span class='ocrx_word' id='word_1_147' title='bbox 210 2518 268 2598; x_wconf 75' lang='lat' dir='ltr'><strong>qni</strong></span> <span class='ocrx_word' id='word_1_148' title='bbox 292 2522 350 2580; x_wconf 92' lang='lat' dir='ltr'><strong>ant</strong></span> <span class='ocrx_word' id='word_1_149' title='bbox 368 2518 403 2580; x_wconf 93' lang='lat' dir='ltr'><strong>in</strong></span> <span class='ocrx_word' id='word_1_150' title='bbox 423 2516 617 2597; x_wconf 88' lang='lat' dir='ltr'><strong>asimptotos</strong></span> <span class='ocrx_word' id='word_1_151' title='bbox 640 2516 814 2599; x_wconf 89' lang='lat' dir='ltr'><strong>yperboles</strong></span> <span class='ocrx_word' id='word_1_152' title='bbox 830 2517 864 2580; x_wconf 88' lang='lat' dir='ltr'><strong>in</strong></span> <span class='ocrx_word' id='word_1_153' title='bbox 883 2515 1010 2580; x_wconf 90' lang='lat' dir='ltr'><strong>conicis</strong></span> <span class='ocrx_word' id='word_1_154' title='bbox 1026 2515 1193 2595; x_wconf 76' lang='lat' dir='ltr'><strong>Apollonii</strong></span> <span class='ocrx_word' id='word_1_155' title='bbox 1208 2514 1346 2596; x_wconf 69' lang='lat' dir='ltr'><strong>Pergei,</strong></span> 
     </span>
     <span class='ocr_line' id='line_1_20' title="bbox 213 2632 1346 2713; baseline 0 -18"><span class='ocrx_word' id='word_1_156' title='bbox 213 2637 272 2699; x_wconf 85' lang='lat' dir='ltr'><strong>ant</strong></span> <span class='ocrx_word' id='word_1_157' title='bbox 295 2633 329 2695; x_wconf 92' lang='lat' dir='ltr'><strong>iu</strong></span> <span class='ocrx_word' id='word_1_158' title='bbox 352 2632 493 2713; x_wconf 87' lang='lat' dir='ltr'><strong>primam</strong></span> <span class='ocrx_word' id='word_1_159' title='bbox 516 2632 638 2697; x_wconf 90' lang='lat' dir='ltr'><strong>lincam</strong></span> <span class='ocrx_word' id='word_1_160' title='bbox 661 2633 853 2698; x_wconf 89' lang='lat' dir='ltr'><strong>concoidem</strong></span> <span class='ocrx_word' id='word_1_161' title='bbox 883 2632 1090 2708; x_wconf 89' lang='lat' dir='ltr'><strong>Nicomedis,</strong></span> <span class='ocrx_word' id='word_1_162' title='bbox 1112 2633 1201 2713; x_wconf 87' lang='lat' dir='ltr'><strong>apud</strong></span> <span class='ocrx_word' id='word_1_163' title='bbox 1224 2632 1346 2697; x_wconf 84' lang='lat' dir='ltr'><strong>Eutor-</strong></span> 
     </span>
     <span class='ocr_line' id='line_1_21' title="bbox 214 2749 1345 2833; baseline 0.002 -21"><span class='ocrx_word' id='word_1_164' title='bbox 214 2751 330 2814; x_wconf 89' lang='lat' dir='ltr'><strong>obium</strong></span> <span class='ocrx_word' id='word_1_165' title='bbox 351 2753 577 2817; x_wconf 76' lang='lat' dir='ltr'><strong>Ascalonitam</strong></span> <span class='ocrx_word' id='word_1_166' title='bbox 596 2754 630 2817; x_wconf 95' lang='lat' dir='ltr'><strong>in</strong></span> <span class='ocrx_word' id='word_1_167' title='bbox 645 2752 893 2821; x_wconf 89' lang='lat' dir='ltr'><strong>commentariis</strong></span> <span class='ocrx_word' id='word_1_168' title='bbox 907 2768 1009 2831; x_wconf 83' lang='lat' dir='ltr'><strong>supra</strong></span> <span class='ocrx_word' id='word_1_169' title='bbox 1026 2751 1147 2833; x_wconf 86' lang='lat' dir='ltr'><strong>librum</strong></span> <span class='ocrx_word' id='word_1_170' title='bbox 1163 2749 1345 2815; x_wconf 86' lang='lat' dir='ltr'><strong>secundum</strong></span> 
     </span>
     <span class='ocr_line' id='line_1_22' title="bbox 215 2868 1419 2950; baseline 0.002 -18"><span class='ocrx_word' id='word_1_171' title='bbox 215 2869 423 2934; x_wconf 86' lang='lat' dir='ltr'><strong>inimitabilis</strong></span> <span class='ocrx_word' id='word_1_172' title='bbox 448 2870 657 2937; x_wconf 76' lang='lat' dir='ltr'><strong>Archimedis</strong></span> <span class='ocrx_word' id='word_1_173' title='bbox 680 2871 720 2932; x_wconf 93' lang='lat' dir='ltr'><strong>de</strong></span> <span class='ocrx_word' id='word_1_174' title='bbox 743 2868 882 2950; x_wconf 84' lang='lat' dir='ltr'><strong>sphaera</strong></span> <span class='ocrx_word' id='word_1_175' title='bbox 905 2874 939 2933; x_wconf 87' lang='lat' dir='ltr'><strong>et</strong></span> <span class='ocrx_word' id='word_1_176' title='bbox 961 2869 1123 2950; x_wconf 83' lang='lat' dir='ltr'><strong>cylindro,</strong></span> <span class='ocrx_word' id='word_1_177' title='bbox 1146 2868 1345 2943; x_wconf 74' lang='lat' dir='ltr'><strong>inciderintr</strong></span> <span class='ocrx_word' id='word_1_178' title='bbox 1411 2897 1419 2912; x_wconf 94' lang='lat'><strong>·</strong></span> 
     </span>
     <span class='ocr_line' id='line_1_23' title="bbox 212 2985 1346 3071; baseline 0 -21"><span class='ocrx_word' id='word_1_179' title='bbox 212 2993 292 3050; x_wconf 87' lang='lat' dir='ltr'><strong>sunt</strong></span> <span class='ocrx_word' id='word_1_180' title='bbox 316 2989 404 3051; x_wconf 90' lang='lat' dir='ltr'><strong>euim</strong></span> <span class='ocrx_word' id='word_1_181' title='bbox 428 2988 598 3052; x_wconf 85' lang='lat' dir='ltr'><strong>haedoue</strong></span> <span class='ocrx_word' id='word_1_182' title='bbox 622 2988 728 3052; x_wconf 84' lang='lat' dir='ltr'><strong>lineae</strong></span> <span class='ocrx_word' id='word_1_183' title='bbox 751 2985 796 3071; x_wconf 84' lang='lat' dir='ltr'><strong>(et</strong></span> <span class='ocrx_word' id='word_1_184' title='bbox 817 2988 943 3051; x_wconf 86' lang='lat' dir='ltr'><strong>multae</strong></span> <span class='ocrx_word' id='word_1_185' title='bbox 965 2989 1067 3052; x_wconf 89' lang='lat' dir='ltr'><strong>etiam</strong></span> <span class='ocrx_word' id='word_1_186' title='bbox 1095 2988 1182 3051; x_wconf 90' lang='lat' dir='ltr'><strong>aliae</strong></span> <span class='ocrx_word' id='word_1_187' title='bbox 1209 2987 1346 3069; x_wconf 68' lang='lat' dir='ltr'><strong>excepi-⁴</strong></span> 
     </span>
     <span class='ocr_line' id='line_1_24' title="bbox 208 3103 1348 3188; baseline 0.001 -22"><span class='ocrx_word' id='word_1_188' title='bbox 208 3105 278 3167; x_wconf 83' lang='lat' dir='ltr'><strong>tari</strong></span> <span class='ocrx_word' id='word_1_189' title='bbox 301 3103 456 3188; x_wconf 89' lang='lat' dir='ltr'><strong>possent),</strong></span> <span class='ocrx_word' id='word_1_190' title='bbox 478 3122 563 3185; x_wconf 90' lang='lat' dir='ltr'><strong>quae</strong></span> <span class='ocrx_word' id='word_1_191' title='bbox 597 3106 630 3169; x_wconf 93' lang='lat' dir='ltr'><strong>in</strong></span> <span class='ocrx_word' id='word_1_192' title='bbox 665 3104 832 3168; x_wconf 89' lang='lat' dir='ltr'><strong>infinitum</strong></span> <span class='ocrx_word' id='word_1_193' title='bbox 868 3110 1055 3186; x_wconf 85' lang='lat' dir='ltr'><strong>protractae</strong></span> <span class='ocrx_word' id='word_1_194' title='bbox 1089 3120 1218 3185; x_wconf 89' lang='lat' dir='ltr'><strong>semper</strong></span> <span class='ocrx_word' id='word_1_195' title='bbox 1241 3104 1348 3187; x_wconf 80' lang='lat' dir='ltr'><strong>magis</strong></span> 
     </span>
     <span class='ocr_line' id='line_1_25' title="bbox 211 3222 1347 3304; baseline 0 -17"><span class='ocrx_word' id='word_1_196' title='bbox 211 3223 398 3298; x_wconf 84' lang='lat' dir='ltr'><strong>accedunt,</strong></span> <span class='ocrx_word' id='word_1_197' title='bbox 424 3241 542 3287; x_wconf 91' lang='lat' dir='ltr'><strong>verum</strong></span> <span class='ocrx_word' id='word_1_198' title='bbox 566 3233 603 3287; x_wconf 87' lang='lat' dir='ltr'><strong>ut</strong></span> <span class='ocrx_word' id='word_1_199' title='bbox 627 3223 807 3304; x_wconf 84' lang='lat' dir='ltr'><strong>aliquando</strong></span> <span class='ocrx_word' id='word_1_200' title='bbox 827 3230 1028 3289; x_wconf 84' lang='lat' dir='ltr'><strong>concurrant</strong></span> <span class='ocrx_word' id='word_1_201' title='bbox 1051 3222 1255 3304; x_wconf 88' lang='lat' dir='ltr'><strong>impossibile</strong></span> <span class='ocrx_word' id='word_1_202' title='bbox 1276 3230 1347 3298; x_wconf 88' lang='lat' dir='ltr'><strong>est,</strong></span> 
     </span>
     <span class='ocr_line' id='line_1_26' title="bbox 213 3342 1347 3425; baseline 0.002 -20"><span class='ocrx_word' id='word_1_203' title='bbox 213 3342 377 3406; x_wconf 88' lang='lat' dir='ltr'><strong>minuitur</strong></span> <span class='ocrx_word' id='word_1_204' title='bbox 398 3344 487 3406; x_wconf 90' lang='lat' dir='ltr'><strong>enim</strong></span> <span class='ocrx_word' id='word_1_205' title='bbox 511 3361 639 3425; x_wconf 89' lang='lat' dir='ltr'><strong>semper</strong></span> <span class='ocrx_word' id='word_1_206' title='bbox 654 3361 770 3407; x_wconf 87' lang='lat' dir='ltr'><strong>eorum</strong></span> <span class='ocrx_word' id='word_1_207' title='bbox 785 3344 955 3418; x_wconf 88' lang='lat' dir='ltr'><strong>distantia,</strong></span> <span class='ocrx_word' id='word_1_208' title='bbox 971 3361 1144 3424; x_wconf 84' lang='lat' dir='ltr'><strong>nunquam</strong></span> <span class='ocrx_word' id='word_1_209' title='bbox 1161 3348 1272 3407; x_wconf 87' lang='lat' dir='ltr'><strong>tamon</strong></span> <span class='ocrx_word' id='word_1_210' title='bbox 1287 3344 1347 3423; x_wconf 54' lang='lat' dir='ltr'><strong>ab·¹</strong></span> 
     </span>
     <span class='ocr_line' id='line_1_27' title="bbox 211 3462 1346 3545; baseline -0.001 -20"><span class='ocrx_word' id='word_1_211' title='bbox 211 3463 370 3536; x_wconf 87' lang='lat' dir='ltr'><strong>sumitnr;</strong></span> <span class='ocrx_word' id='word_1_212' title='bbox 387 3472 420 3526; x_wconf 89' lang='lat' dir='ltr'><strong>et</strong></span> <span class='ocrx_word' id='word_1_213' title='bbox 438 3465 472 3526; x_wconf 90' lang='lat' dir='ltr'><strong>si</strong></span> <span class='ocrx_word' id='word_1_214' title='bbox 486 3463 573 3528; x_wconf 88' lang='lat' dir='ltr'><strong>linea</strong></span> <span class='ocrx_word' id='word_1_215' title='bbox 597 3465 639 3527; x_wconf 90' lang='lat' dir='ltr'><strong>ad</strong></span> <span class='ocrx_word' id='word_1_216' title='bbox 662 3470 769 3528; x_wconf 90' lang='lat' dir='ltr'><strong>rectos</strong></span> <span class='ocrx_word' id='word_1_217' title='bbox 791 3464 932 3545; x_wconf 82' lang='lat' dir='ltr'><strong>angulos</strong></span> <span class='ocrx_word' id='word_1_218' title='bbox 955 3480 1055 3545; x_wconf 91' lang='lat' dir='ltr'><strong>supor</strong></span> <span class='ocrx_word' id='word_1_219' title='bbox 1070 3462 1192 3527; x_wconf 88' lang='lat' dir='ltr'><strong>lineam</strong></span> <span class='ocrx_word' id='word_1_220' title='bbox 1210 3465 1346 3535; x_wconf 86' lang='lat' dir='ltr'><strong>rectam,</strong></span> 
     </span>
     <span class='ocr_line' id='line_1_28' title="bbox 213 3578 1347 3661; baseline -0.001 -19"><span class='ocrx_word' id='word_1_221' title='bbox 213 3595 299 3659; x_wconf 78' lang='lat' dir='ltr'><strong>quae</strong></span> <span class='ocrx_word' id='word_1_222' title='bbox 322 3581 476 3644; x_wconf 86' lang='lat' dir='ltr'><strong>concoidi</strong></span> <span class='ocrx_word' id='word_1_223' title='bbox 498 3580 671 3661; x_wconf 87' lang='lat' dir='ltr'><strong>subjacet,</strong></span> <span class='ocrx_word' id='word_1_224' title='bbox 706 3581 757 3644; x_wconf 87' lang='lat' dir='ltr'><strong>vel</strong></span> <span class='ocrx_word' id='word_1_225' title='bbox 788 3597 888 3660; x_wconf 86' lang='lat' dir='ltr'><strong>snper</strong></span> <span class='ocrx_word' id='word_1_226' title='bbox 922 3580 1138 3660; x_wconf 87' lang='lat' dir='ltr'><strong>asimptotum</strong></span> <span class='ocrx_word' id='word_1_227' title='bbox 1162 3578 1347 3650; x_wconf 80' lang='lat' dir='ltr'><strong>excitetur,</strong></span> 
     </span>
     <span class='ocr_line' id='line_1_29' title="bbox 212 3670 1350 3777; baseline 0 -18"><span class='ocrx_word' id='word_1_228' title='bbox 212 3702 247 3759; x_wconf 82' lang='lat' dir='ltr'><strong>at</strong></span> <span class='ocrx_word' id='word_1_229' title='bbox 273 3696 337 3761; x_wconf 90' lang='lat' dir='ltr'><strong>boc</strong></span> <span class='ocrx_word' id='word_1_230' title='bbox 378 3697 412 3759; x_wconf 94' lang='lat' dir='ltr'><strong>in</strong></span> <span class='ocrx_word' id='word_1_231' title='bbox 444 3696 641 3772; x_wconf 85' lang='lat' dir='ltr'><strong>inlinitum,</strong></span> <span class='ocrx_word' id='word_1_232' title='bbox 665 3714 795 3777; x_wconf 84' lang='lat' dir='ltr'><strong>semper</strong></span> <span class='ocrx_word' id='word_1_233' title='bbox 828 3697 1040 3761; x_wconf 87' lang='lat' dir='ltr'><strong>manentibus</strong></span> <span class='ocrx_word' id='word_1_234' title='bbox 1068 3694 1201 3777; x_wconf 78' lang='lat' dir='ltr'><strong>augulis</strong></span> <span class='ocrx_word' id='word_1_235' title='bbox 1224 3670 1350 3768; x_wconf 68' lang='lat' dir='ltr'><strong>rectiss,</strong></span> 
     </span>
     <span class='ocr_line' id='line_1_30' title="bbox 216 3812 1348 3896; baseline -0.001 -18"><span class='ocrx_word' id='word_1_236' title='bbox 216 3831 332 3878; x_wconf 84' lang='lat' dir='ltr'><strong>versus</strong></span> <span class='ocrx_word' id='word_1_237' title='bbox 357 3821 467 3895; x_wconf 88' lang='lat' dir='ltr'><strong>partes</strong></span> <span class='ocrx_word' id='word_1_238' title='bbox 490 3817 532 3878; x_wconf 89' lang='lat' dir='ltr'><strong>ad</strong></span> <span class='ocrx_word' id='word_1_239' title='bbox 553 3817 691 3896; x_wconf 84' lang='lat' dir='ltr'><strong>quasin</strong></span> <span class='ocrx_word' id='word_1_240' title='bbox 715 3814 882 3881; x_wconf 86' lang='lat' dir='ltr'><strong>infinitum</strong></span> <span class='ocrx_word' id='word_1_241' title='bbox 906 3813 1130 3878; x_wconf 82' lang='lat' dir='ltr'><strong>extenduntur</strong></span> <span class='ocrx_word' id='word_1_242' title='bbox 1152 3812 1260 3879; x_wconf 80' lang='lat' dir='ltr'><strong>lineae</strong></span> <span class='ocrx_word' id='word_1_243' title='bbox 1283 3829 1348 3877; x_wconf 91' lang='lat' dir='ltr'><strong>nou</strong></span> 
     </span>
     <span class='ocr_line' id='line_1_31' title="bbox 211 3931 1349 4015; baseline 0.004 -20"><span class='ocrx_word' id='word_1_244' title='bbox 211 3938 461 4006; x_wconf 83' lang='lat' dir='ltr'><strong>concurrentes,</strong></span> <span class='ocrx_word' id='word_1_245' title='bbox 476 3934 509 3996; x_wconf 92' lang='lat' dir='ltr'><strong>in</strong></span> <span class='ocrx_word' id='word_1_246' title='bbox 533 3934 595 3997; x_wconf 89' lang='lat' dir='ltr'><strong>bac</strong></span> <span class='ocrx_word' id='word_1_247' title='bbox 620 3934 706 3996; x_wconf 89' lang='lat' dir='ltr'><strong>linea</strong></span> <span class='ocrx_word' id='word_1_248' title='bbox 720 3934 763 3997; x_wconf 89' lang='lat' dir='ltr'><strong>ad</strong></span> <span class='ocrx_word' id='word_1_249' title='bbox 781 3939 889 3999; x_wconf 87' lang='lat' dir='ltr'><strong>rectos</strong></span> <span class='ocrx_word' id='word_1_250' title='bbox 906 3931 1047 4015; x_wconf 77' lang='lat' dir='ltr'><strong>angnlm</strong></span> <span class='ocrx_word' id='word_1_251' title='bbox 1063 3936 1206 4014; x_wconf 85' lang='lat' dir='ltr'><strong>punctus</strong></span> <span class='ocrx_word' id='word_1_252' title='bbox 1222 3947 1290 4012; x_wconf 83' lang='lat' dir='ltr'><strong>quo</strong></span> <span class='ocrx_word' id='word_1_253' title='bbox 1306 3932 1349 3999; x_wconf 88' lang='lat' dir='ltr'><strong>ab</strong></span> 
     </span>
     <span class='ocr_line' id='line_1_32' title="bbox 212 4051 1350 4133; baseline 0.002 -21"><span class='ocrx_word' id='word_1_254' title='bbox 212 4051 370 4130; x_wconf 69' lang='lat' dir='ltr'><strong>yperbolo</strong></span> <span class='ocrx_word' id='word_1_255' title='bbox 394 4052 446 4115; x_wconf 89' lang='lat' dir='ltr'><strong>vel</strong></span> <span class='ocrx_word' id='word_1_256' title='bbox 469 4052 629 4117; x_wconf 90' lang='lat' dir='ltr'><strong>concoide</strong></span> <span class='ocrx_word' id='word_1_257' title='bbox 643 4059 775 4117; x_wconf 81' lang='lat' dir='ltr'><strong>secatur</strong></span> <span class='ocrx_word' id='word_1_258' title='bbox 790 4070 919 4133; x_wconf 86' lang='lat' dir='ltr'><strong>semper</strong></span> <span class='ocrx_word' id='word_1_259' title='bbox 942 4069 1058 4118; x_wconf 82' lang='lat' dir='ltr'><strong>versus</strong></span> <span class='ocrx_word' id='word_1_260' title='bbox 1080 4051 1223 4118; x_wconf 85' lang='lat' dir='ltr'><strong>alteram</strong></span> <span class='ocrx_word' id='word_1_261' title='bbox 1238 4055 1350 4115; x_wconf 78' lang='lat' dir='ltr'><strong>extre-</strong></span> 
     </span>
     <span class='ocr_line' id='line_1_33' title="bbox 217 4168 1352 4252; baseline 0 -18"><span class='ocrx_word' id='word_1_262' title='bbox 217 4168 368 4234; x_wconf 86' lang='lat' dir='ltr'><strong>mitatem</strong></span> <span class='ocrx_word' id='word_1_263' title='bbox 377 4173 567 4239; x_wconf 81' lang='lat' dir='ltr'><strong>urovebitur</strong></span> <span class='ocrx_word' id='word_1_264' title='bbox 577 4171 620 4235; x_wconf 94' lang='lat' dir='ltr'><strong>ad</strong></span> <span class='ocrx_word' id='word_1_265' title='bbox 631 4189 704 4244; x_wconf 85' lang='lat' dir='ltr'><strong>eam</strong></span> <span class='ocrx_word' id='word_1_266' title='bbox 715 4172 916 4247; x_wconf 84' lang='lat' dir='ltr'><strong>accedendo,</strong></span> <span class='ocrx_word' id='word_1_267' title='bbox 928 4188 1099 4252; x_wconf 84' lang='lat' dir='ltr'><strong>uunquam</strong></span> <span class='ocrx_word' id='word_1_268' title='bbox 1111 4176 1224 4245; x_wconf 88' lang='lat' dir='ltr'><strong>tamen</strong></span> <span class='ocrx_word' id='word_1_269' title='bbox 1234 4185 1352 4251; x_wconf 79' lang='lat' dir='ltr'><strong>perue-</strong></span> 
     </span>
     <span class='ocr_line' id='line_1_34' title="bbox 213 4270 1349 4373; baseline -0.005 -16"><span class='ocrx_word' id='word_1_270' title='bbox 213 4270 282 4357; x_wconf 68' lang='lat' dir='ltr'><strong>uiui</strong></span> <span class='ocrx_word' id='word_1_271' title='bbox 294 4289 338 4353; x_wconf 76' lang='lat' dir='ltr'><strong>ad</strong></span> <span class='ocrx_word' id='word_1_272' title='bbox 350 4291 506 4357; x_wconf 83' lang='lat' dir='ltr'><strong>ultimum</strong></span> <span class='ocrx_word' id='word_1_273' title='bbox 519 4298 688 4373; x_wconf 54' lang='lat' dir='ltr'><strong>punctum,</strong></span> <span class='ocrx_word' id='word_1_274' title='bbox 702 4292 777 4359; x_wconf 77' lang='lat' dir='ltr'><strong>llari</strong></span> <span class='ocrx_word' id='word_1_275' title='bbox 790 4293 894 4355; x_wconf 87' lang='lat' dir='ltr'><strong>etiam</strong></span> <span class='ocrx_word' id='word_1_276' title='bbox 905 4290 1245 4372; x_wconf 66' lang='lat' dir='ltr'><strong>pectodeaceteritatp</strong></span> <span class='ocrx_word' id='word_1_277' title='bbox 1257 4288 1349 4353; x_wconf 88' lang='lat' dir='ltr'><strong>acci·</strong></span> 
     </span>
     <span class='ocr_line' id='line_1_35' title="bbox 213 4403 1348 4496; baseline 0.004 -33"><span class='ocrx_word' id='word_1_278' title='bbox 213 4403 277 4469; x_wconf 88' lang='lat' dir='ltr'><strong>dit:</strong></span> <span class='ocrx_word' id='word_1_279' title='bbox 292 4415 396 4486; x_wconf 89' lang='lat' dir='ltr'><strong>potest</strong></span> <span class='ocrx_word' id='word_1_280' title='bbox 408 4411 789 4492; x_wconf 86' lang='lat' dir='ltr'><strong>enimsempertarditas</strong></span> <span class='ocrx_word' id='word_1_281' title='bbox 800 4416 909 4473; x_wconf 89' lang='lat' dir='ltr'><strong>motus</strong></span> <span class='ocrx_word' id='word_1_282' title='bbox 921 4409 1087 4496; x_wconf 86' lang='lat' dir='ltr'><strong>imminui,</strong></span> <span class='ocrx_word' id='word_1_283' title='bbox 1098 4413 1131 4470; x_wconf 89' lang='lat' dir='ltr'><strong>et</strong></span> <span class='ocrx_word' id='word_1_284' title='bbox 1143 4422 1348 4489; x_wconf 85' lang='lat' dir='ltr'><strong>cousequen-</strong></span> 
     </span>
    </p>
   </div>
   <div class='ocr_carea' id='block_1_3' title="bbox 0 0 1564 5168">
    <p class='ocr_par' dir='ltr' id='par_1_4' title="bbox 0 0 1564 5168">
     <span class='ocr_line' id='line_1_36' title="bbox 0 0 1564 5168; baseline 0 0"><span class='ocrx_word' id='word_1_285' title='bbox 0 0 1564 5168; x_wconf 95' lang='lat' dir='ltr'><strong> </strong></span> 
     </span>
    </p>
   </div>
  </div>
 </body>
</html>
