3120 5168
544 358 704 409 suasurus
728 360 769 408 nu
793 361 875 408 uoru
899 361 1050 410 esaum-st.
1316 350 1360 414 tit

221 509 292 554 rere
315 490 519 552 incrementa
543 472 784 563 animadverto,
807 503 871 550 eur
891 488 973 552 talia
996 487 1237 568 additamenta,
1260 501 1359 574 atque

220 606 372 673 omnium
395 605 504 690 magis
525 604 627 670 obvia
652 605 781 669 ratione
816 604 887 668 lieri
922 621 988 670 non
1023 607 1179 671 credam?
1202 606 1245 693 (l)
1269 610 1357 675 idem

220 728 271 791 esi
292 709 437 800 mobile,
454 722 541 787 idem
565 722 767 805 principium
794 739 946 800 movens,
968 742 1029 788 eur
1050 742 1115 789 nou
1139 726 1253 791 eadem
1275 745 1359 809 quo-

219 861 284 927 que
305 842 456 924 reliqua?
478 841 591 916 ilices,
614 827 729 905 eadem
751 858 883 924 quoque
906 842 1086 907 veloeilas:
1111 845 1356 930 minime31ani

220 963 311 1027 euim
332 961 463 1041 reipsa
485 964 638 1033 onustat,
660 960 871 1025 velocitatem
899 961 1037 1026 eandem
1071 980 1136 1027 non
1170 980 1263 1040 esse,
1297 980 1357 1027 neo

220 1086 445 1144 motumesse
467 1077 697 1159 aequabilem:
726 1082 856 1159 oportet
889 1079 1015 1160 igilur,
1047 1080 1277 1156 identitatem,
1299 1097 1356 1145 seu

219 1197 311 1260 dieas
332 1193 608 1269 uniformitatem,
631 1211 670 1258 ao
692 1194 951 1277 simplieitatem,
968 1215 1032 1262 non
1049 1199 1083 1262 in
1099 1198 1284 1271 uelocitate,
1301 1199 1357 1263 sed

219 1316 254 1378 in
277 1312 467 1380 uelocitatis
493 1311 745 1389 additamentis,
766 1312 830 1378 boo
853 1314 959 1378 estin
982 1315 1237 1393 aooeleratione,
1264 1331 1357 1398 repe-

142 1485 145 1492 .
218 1434 285 1496 rire
307 1437 408 1514 atque
430 1446 597 1514 reponere.
624 1429 723 1508 Quod
755 1432 784 1494 si
818 1436 942 1496 attente
965 1432 1204 1512 inspiciamus,
1227 1437 1356 1500 nullutn

218 1549 499 1623 additamentum,
521 1548 653 1614 nullum
675 1550 917 1614 incrementum
944 1550 1128 1632 simplicius
1149 1539 1357 1618 inveniemus
1441 1624 1450 1645 .

216 1683 319 1748 quam
340 1666 436 1740 iliud,
458 1667 548 1749 quod
571 1682 701 1748 semper
721 1668 838 1732 eodem
854 1669 952 1733 modo
967 1658 1169 1750 superaddit.
1192 1671 1299 1747 Quod,
1320 1680 1357 1736 ut

215 1799 270 1848 uie
292 1784 625 1867 elarius-explicem,
650 1784 747 1850 iaoilo
770 1786 994 1868 intelligemus
1019 1776 1203 1852 maximam
1229 1777 1355 1870 tempnss

218 1904 387 1985 risuique
406 1910 519 1968 motus
542 1902 739 1969 affluitatem
766 1906 998 1987 inspicientes;
1023 1894 1110 1970 sinui
1133 1908 1221 1971 enim
1244 1916 1355 1971 uiotus

219 2012 438 2103 aequabilitas
458 2027 492 2086 et
513 2021 724 2090 nnilormitas
745 2041 804 2106 per
825 2014 1013 2106 temporum
1029 2026 1279 2105 spatiorumque
1296 2041 1354 2089 ae·

215 2137 396 2220 qualitales
416 2138 575 2204 delinitur
597 2157 637 2204 ao
659 2141 846 2221 coneipitur
877 2138 1058 2225 (lationem
1080 2142 1170 2204 enim
1193 2147 1272 2205 lune
1296 2158 1353 2205 ae·

214 2257 384 2337 quabilem
405 2253 641 2340 appellamus,
655 2275 733 2324 oum
756 2261 960 2340 temporibus
982 2259 1178 2340 aequalibus
1202 2259 1355 2340 aequalia

214 2373 585 2460 oonii'eiuitttir'spatia),
600 2376 648 2441 ita
661 2394 720 2457 per
737 2376 871 2442 eusdem
887 2377 1045 2459 temporis
1063 2378 1208 2458 partium
1232 2393 1355 2457 aequa-

214 2495 347 2569 litates,¹
358 2496 538 2559 dolositatis
556 2488 760 2560 inorem'e'uta
773 2497 973 2578 ¹simpliciter
988 2496 1075 2560 iaetu
1092 2498 1260 2576 percipere
1278 2512 1354 2577 pos·

216 2625 354 2685 sumus:
376 2612 598 2695 intelligentes
620 2630 661 2677 ao
684 2619 793 2676 menis
816 2614 1061 2694 concipientes,
1094 2618 1224 2677 motum
1259 2614 1355 2676 illum
1387 2634 1390 2639 ¹

218 2720 561 2812 nniinrniteiratqne
581 2733 699 2796 eodem
720 2732 820 2797 modo
841 2733 998 2796 eontinue
1020 2732 1242 2796 adeeleratum
1265 2749 1353 2803 esse,

216 2846 520 2928 dum-temporibus
549 2851 803 2931 quibuscunque
837 2840 1033 2931 aequalibus
1065 2845 1219 2932 aequalia
1241 2851 1273 2915 el
1294 2866 1352 2915 su-

210 2964 639 3044 peraddantur-eeleritutis
662 2967 1014 3032 additamenta.·ildeo
1030 2975 1080 3040 ut,
1098 2970 1239 3049 sumptis
1256 2975 1353 3049 qnot-

210 3090 345 3162 'ounqua
365 3083 525 3163 temporis
546 3083 721 3164 particulis
744 3084 939 3165 aequalibus
961 3100 982 3147 a
1005 3084 1112 3166 primo
1135 3085 1295 3158 instanti,
1318 3087 1352 3148 in

210 3215 279 3280 quo
299 3198 422 3264 mobile
430 3200 569 3265 frenelli
591 3217 609 3263 u
633 3201 760 3282 quiete,
782 3203 816 3263 el
838 3202 1034 3266 desoeusuni
1065 3199 1273 3284 aggreditur,
1295 3219 1351 3264 oo·

212 3313 353 3379 leritatis
381 3316 506 3397 gradus
539 3317 573 3380 in
587 3383 592 3389 ,
607 3318 715 3397 prima
736 3332 814 3382 oum
836 3317 983 3382 secunda
1007 3318 1165 3398 temporis
1187 3318 1351 3398 particula

212 3434 417 3513 acquisitus,
452 3435 573 3516 duplus
595 3437 639 3500 sit
667 3438 812 3519 medus,
844 3454 944 3517 quem
970 3437 1150 3518 aequisivit
1173 3438 1293 3502 mobile
1315 3439 1349 3500 in

211 3551 319 3631 primu
343 3555 529 3633 particula3
554 3556 676 3636 gradus
698 3555 824 3627 itidem,
840 3570 939 3634 quem
957 3555 1084 3619 obtinet
1099 3556 1133 3617 in
1150 3556 1248 3618 tertia
1266 3559 1349 3618 tem·

212 3668 302 3750 poris
325 3671 491 3751 partioula
513 3675 643 3755 triplus,
664 3691 763 3756 quem
778 3647 816 3736 ¹in
835 3679 952 3754 quarta
972 3672 1179 3754 quadruplus
1193 3671 1348 3754 ejusdem

157 3839 162 3849 .
207 3785 337 3867 'gradtm
360 3787 456 3867 primi
480 3790 649 3869 temporis.
666 3789 716 3854 lta
730 3795 778 3864 ut,
793 3790 819 3853 si
839 3790 959 3854 mobile
980 3789 1136 3854 lationem
1155 3804 1252 3854 suam
1268 3806 1348 3855 oon·

213 3903 357 3968 tinuaret
375 3903 475 3986 Juxta
497 3905 685 3970 velocitatis
707 3906 860 3989 gradum,
882 3924 941 3971 seu
963 3913 1168 3971 momentum
1187 3909 1221 3971 in
1241 3906 1347 3987 prima

214 4021 368 4101 temporis
389 4024 554 4103 partioula
577 4026 800 4105 anquisitum.
834 4030 1028 4106 motumque
1061 4041 1159 4089 sunm
1194 4024 1348 4106 deinceps

213 4139 430 4218 aequabiliter
452 4158 529 4205 oum
555 4142 611 4206 tali
638 4144 813 4208 velocitate
835 4145 1048 4217 extenderet,
1078 4144 1152 4208 talis
1179 4144 1260 4207 latio
1284 4143 1346 4206 du·

285 4314 318 4373 (t)
335 4312 357 4361 ll
374 4319 500 4379 sequente
516 4317 598 4367 brino
617 4316 671 4368 lino
686 4330 717 4367 a:
742 4316 827 4382 (laud
838 4319 863 4365 ai
886 4323 987 4368 stuata
1005 4330 1066 4370 so.:
1093 4317 1245 4382 manonuei
1267 4315 1348 4366 ilium

211 4397 340 4464 Dialogbi.
