3120 5168
527 383 686 431 saaraoass
710 382 751 428 na
774 382 856 430 sora
880 382 1032 431 casurus.
1299 369 1342 435 53

213 527 271 592 tas,
294 516 435 581 discedit
459 513 607 596 proiecto
628 526 706 576 cum
729 510 834 577 muita
857 511 981 575 virtute
997 511 1168 592 impressa,
1186 513 1228 576 ad
1243 530 1344 592 quam

125 695 132 718 ,
212 635 449 701 absumendam
472 648 539 696 non
561 628 684 696 subicit
708 635 818 694 motus
840 646 882 692 ex
897 628 1073 694 altitudine
1089 630 1203 696 turris:
1220 647 1262 694 er
1278 648 1346 711 quo

211 748 309 818 iit'ut
335 769 391 833 per
409 751 554 833 epatium
569 736 670 813 unius
694 748 796 812 turris
813 764 942 828 semper
964 747 1156 814 intendatur
1186 747 1346 814 celeritas.

210 869 346 950 Quodsi
359 869 587 948 acciperemus
608 863 743 945 aliquod
766 880 879 946 grase,
900 863 999 946 cujtas
1021 864 1171 946 gravitas
1193 882 1258 930 non
1276 869 1346 932 tam

211 986 309 1068 longe
329 985 415 1048 aeris
438 982 638 1063 gravitatem
661 985 843 1062 superaret,
864 986 943 1044 tunc
967 979 1113 1061 probato
1133 981 1242 1049 ocutis
1264 982 1347 1062 ipsis

206 1117 417 1167 cerneremus
430 1100 551 1180 ipsum,
562 1097 662 1178 paulo
677 1102 750 1178 post
764 1095 966 1178 principium
981 1101 1102 1171 motus,
1122 1114 1252 1178 semper
1270 1099 1347 1163 uni-

211 1219 359 1283 inrmiter
383 1215 531 1291 moveri,
553 1214 715 1278 existente
749 1219 859 1276 tamen
892 1230 969 1276 aere
992 1214 1289 1294 tranquillissimo.
1303 1216 1346 1282 iit

211 1338 298 1402 idem
322 1337 423 1400 etiam
448 1335 483 1398 in
506 1331 615 1414 lapide
636 1331 787 1396 accidere
809 1331 1081 1412 perspiceremus,
1102 1333 1131 1396 si
1153 1338 1186 1398 et
1203 1350 1246 1399 ea
1264 1333 1348 1398 iocis

211 1453 381 1519 altissimis
402 1452 642 1524 demitteretur,
663 1455 697 1513 et
711 1450 765 1513 ita
788 1465 936 1514 essemus
956 1449 1140 1525 constituti,
1155 1456 1194 1516 ut
1214 1467 1343 1532 semper

210 1571 324 1637 cadem
358 1572 422 1636 sub
455 1571 582 1635 ratione
606 1569 727 1636 lineam
753 1573 864 1632 motus
891 1568 1159 1649 perspiceremus.
1195 1568 1368 1651 Namque·

210 1689 311 1753 etiam
334 1694 446 1754 noster
467 1686 714 1770 situsimpedtt
735 1686 914 1768 quominus
942 1692 1052 1751 motus
1081 1685 1344 1755 uniformitatem

210 1806 503 1888 deprehendamus.
522 1806 597 1871 Fiat
610 1806 702 1870 enim
724 1812 832 1870 motus
852 1804 1027 1869 uniiormis
1047 1805 1173 1870 exiiiu
1189 1802 1293 1891 FU),
1311 1813 1344 1872 et

211 1925 278 1987 sint
291 1923 355 1999 BG,
370 1923 436 1996 (ill,
450 1924 517 2000 bit,
528 1923 583 1988 EF
598 1923 705 2004 spatia
722 1923 892 2004 aequalia,
909 1923 1028 1988 oculus
1044 1928 1158 1989 numm
1178 1924 1345 2006 aspicien-

214 2043 257 2106 tis
274 2042 317 2106 sit
333 2042 367 2105 in
383 2045 423 2117 d,
437 2047 470 2106 et
484 2041 651 2106 ducantur
666 2042 773 2106 lineae
789 2041 934 2108 visuales
949 2043 1017 2118 AB,
1028 2042 1098 2118 AC,
1108 2041 1177 2115 ub.
1191 2042 1261 2118 ΑΕ,
1276 2042 1348 2115 AF:

212 2163 246 2223 et
266 2159 347 2240 quia
371 2167 481 2225 motus
505 2161 638 2241 ponitur
660 2159 846 2233 uniformis,
863 2165 897 2222 et
916 2164 995 2224 sunt
1015 2159 1080 2237 lic,
1101 2159 1172 2234 cu.
1195 2159 1271 2236 bu,
1291 2160 1346 2226 EF

211 2278 318 2359 spatia
343 2277 509 2360 aequalia,
532 2279 684 2343 transibit
706 2296 786 2362 ergo
809 2277 930 2343 mnbiie
952 2295 1010 2360 per
1032 2295 1071 2342 ea
1091 2279 1127 2345 ia
1147 2279 1352 2361 temporibus

211 2396 433 2477 aequalibus:
455 2402 585 2479 tempus
611 2407 693 2480 mgu
720 2397 880 2464 transitus
905 2414 949 2462 ea
971 2398 998 2462 ll
1020 2398 1056 2463 in
1078 2398 1103 2464 C
1127 2397 1191 2462 erit
1212 2397 1353 2480 aequale

211 2514 351 2596 tempori
380 2514 542 2579 transitus
563 2531 606 2577 ex
627 2514 652 2580 C
676 2515 711 2578 in
732 2515 777 2580 b:
801 2520 911 2580 motus
935 2521 1046 2580 tamen
1066 2532 1109 2579 ex
1132 2515 1159 2582 G
1180 2516 1216 2581 in
1239 2515 1268 2582 b
1289 2533 1351 2582 ve-

213 2630 317 2694 locior
344 2631 532 2712 inspicienti
555 2633 738 2713 apparebit,
752 2648 829 2697 eum
852 2636 887 2695 et
908 2634 1059 2714 spacium
1081 2633 1137 2700 Gi)
1159 2633 1269 2717 majus
1290 2645 1349 2714 ap*

216 2754 331 2826 param
355 2749 467 2828 spacio
481 2748 533 2816 bc
550 2747 625 2834 (sub
648 2749 767 2831 maiori
789 2757 932 2830 namque
954 2749 1080 2832 angulo
1095 2748 1298 2836 spectaturlz
1316 2757 1350 2815 et

214 2863 263 2927 ita
286 2868 398 2928 motus
417 2882 459 2930 er
480 2865 509 2932 i)
531 2867 565 2933 in
587 2866 615 2930 ii
639 2866 784 2931 velocior
813 2868 986 2948 apparebit
1018 2883 1120 2948 quam
1144 2868 1233 2948 quod
1260 2869 1351 2935 exi}

215 2982 248 3046 in
285 2982 326 3056 i),
357 2999 434 3047 eum
472 2985 621 3066 spacium
655 2985 714 3050 illi
748 2984 858 3067 malus
892 2990 1051 3067 appareat
1083 2988 1187 3067 quam
1215 2986 1291 3059 cb,
1319 2989 1352 3050 et

214 3099 403 3181 aequaii'in
426 3109 574 3184 tempore
608 3107 797 3167 transeatur
817 3120 839 3167 a
861 3103 998 3169 mobilis
1019 3108 1054 3168 et
1076 3102 1179 3168 simili
1202 3103 1354 3179 ratione,

217 3223 325 3282 motus
347 3235 389 3284 aa
412 3220 441 3285 B
464 3222 498 3284 in
521 3221 546 3285 F
569 3221 716 3286 velocior
737 3214 909 3304 apparebit
926 3228 1020 3288 motu
1038 3239 1082 3287 ex
1097 3221 1126 3287 i)
1144 3221 1178 3287 ia
1197 3221 1354 3302 anuare

215 3340 247 3398 et
270 3339 360 3400 totus
384 3342 496 3405 melus
516 3338 568 3405 BF
591 3337 754 3405 diuormis
780 3339 971 3421 apparebit,
994 3344 1029 3403 st
1053 3353 1183 3419 semper
1216 3337 1251 3404 in
1285 3335 1350 3403 tine

216 3451 372 3524 velocior,
395 3470 474 3518 cum
489 3455 652 3522 terminus
664 3456 839 3522 uniformis
854 3461 1069 3537 supponatur.
1090 3453 1228 3536 Oportet
1247 3454 1350 3536 igitur

215 3569 257 3631 ad
287 3568 507 3649 judicandum
533 3575 642 3636 motus
666 3571 925 3637 uniformitatem
959 3578 992 3634 et
1019 3570 1292 3643 difformitatem,
1315 3576 1352 3633 ut

216 3675 367 3765 spacium
391 3686 434 3751 sit
452 3687 535 3753 adeo
552 3688 712 3770 amplum,
732 3693 768 3752 ut
786 3688 821 3752 in
840 3689 911 3772 ipso
930 3687 1032 3772 possit
1054 3686 1174 3752 mobile
1192 3684 1352 3752 virtutem

216 3803 425 3873 resistentem
447 3808 641 3884 absumere,
661 3814 694 3872 et
717 3813 755 3872 ut
781 3807 899 3875 oculus
935 3804 993 3871 ita
1016 3806 1058 3872 sit
1074 3802 1286 3894 'dispositum
1315 3812 1351 3869 ut

215 3923 257 3990 ab
280 3924 481 4005 angulorum
506 3927 700 4008 disparitate
724 3927 862 3996 minime
883 3926 1069 4007 decipiatur
1092 3921 1149 4008 (2).
1260 3970 1263 3977 ·

282 4127 328 4184 :tit
340 4127 405 4182 tab
422 4127 452 4186 i,
470 4127 497 4178 F'
519 4161 526 4177 .
545 4133 583 4179 le.
1123 4168 1125 4175 .

286 4217 322 4277 (Ξ)
338 4217 457 4269 Sebbeae
476 4142 577 4270 :rere
593 4231 670 4271 caasa
686 4221 756 4284 degli
771 4220 854 4272 edetti
869 4223 917 4287 qui
928 4221 1099 4280 considenti,
1113 4221 1171 4276 oieb
1181 4219 1206 4270 ia
1217 4222 1359 4274 resisteusa

214 4305 338 4366 deii’aria,
356 4324 409 4361 aon
426 4314 462 4362 sia
478 4311 690 4375 espiiettamente
707 4316 842 4373 arrcrlila,
860 4315 877 4363 e
891 4312 1055 4365 ammirabile
1071 4313 1095 4362 ia
1112 4313 1215 4377 sagacia
1234 4310 1303 4401 delle
1320 4326 1359 4362 es·

216 4402 357 4454 serraaioai
375 4417 389 4453 r
407 4404 476 4457 delle
494 4406 627 4461 insomnes
645 4420 690 4472 per
708 4407 733 4456 ie
750 4408 820 4472 quali
837 4407 939 4459 Gaiilen
951 4406 1081 4458 stabilisse
1092 4404 1118 4455 ia
1131 4405 1305 4455 conversione
1316 4402 1357 4450 del
1439 4421 1440 4425 ¹
