3120 5168
531 358 690 406 sensorum
713 359 754 405 on
779 359 860 405 soro
886 358 1025 406 orsurus
1307 346 1353 411 to

208 494 309 575 igitur
330 489 359 554 0
383 490 569 554 movebitur
589 489 723 570 quidem
748 505 804 569 por
827 489 973 553 mettium
996 491 1164 565 crassius,
1189 510 1246 571 per
1274 494 1355 556 sub·

209 611 300 676 tilius
323 626 403 675 vero
425 608 573 682 minime,
595 606 683 688 quorl
706 611 755 670 est
778 608 1068 684 absurdissimum,
1089 614 1123 672 et
1145 611 1280 673 omuino
1305 611 1357 674 in-

206 729 344 812 dignum
357 725 542 790 Aristotele.
556 725 649 789 Patet
663 741 743 807 ergo
760 730 911 792 motuum
930 723 1123 789 velocitates
1140 742 1210 789 non
1226 733 1361 791 servare

194 820 293 912 ¹inter
308 862 344 909 se
358 838 581 909 subtilitatum
599 842 784 908 mediorum
800 842 1029 923 proportiones
1043 861 1053 914 ;
1068 844 1126 908 sed
1142 849 1179 908 ut
1194 861 1358 924 quasnam

207 970 339 1030 servent
364 963 590 1045 proportiones
614 964 823 1036 innotescat,
853 961 1060 1042 accipiamus
1087 978 1199 1028 veram
1222 978 1359 1028 causam

210 1081 376 1146 tarditatis
398 1083 497 1160 atque
518 1078 699 1143 celeritatis
724 1082 834 1141 motus
856 1077 1002 1160 ejusdem
1026 1079 1170 1154 mobilis,
1182 1098 1284 1162 quam
1301 1063 1358 1145 su·

210 1217 266 1282 pra
289 1198 591 1262 demonstravimus
613 1213 684 1261 esse
720 1197 819 1260 medii
854 1196 1026 1261 levitatem
1062 1204 1122 1263 aut
1156 1200 1358 1281 gravitatem

210 1323 359 1398 respectu
376 1315 516 1380 mobilis.
533 1315 576 1379 lit
591 1315 634 1378 sit
649 1315 771 1379 mobile
793 1315 823 1381 Ο
840 1311 897 1399 (Ι),
914 1315 1061 1380 medium
1082 1322 1195 1381 autem
1212 1317 1237 1383 C
1257 1318 1301 1381 sit
1324 1318 1358 1383 in

211 1433 311 1515 duplo
333 1432 440 1497 levius
463 1433 571 1497 medio
594 1433 634 1506 B-;
657 1450 724 1496 nou
747 1433 862 1513 utique
886 1439 1016 1515 tempus
1039 1435 1074 1500 in
1097 1451 1165 1515 quo
1186 1435 1216 1501 Ο
1241 1451 1359 1499 move·

212 1559 265 1620 tur
281 1553 454 1633 perBerit
469 1552 607 1634 duplum
633 1553 790 1634 temporis
806 1553 840 1617 in
863 1570 931 1634 quo
957 1560 1111 1618 movetur
1142 1571 1199 1634 per
1226 1553 1268 1621 C:
1295 1553 1358 1618 boc

209 1678 257 1737 est
278 1672 432 1737 celeritas
454 1672 488 1734 in
511 1670 535 1737 C
560 1688 625 1734 uon
647 1671 711 1734 erit
734 1671 836 1752 ‹lnpla
858 1670 1039 1736 celeritatis
1061 1671 1096 1734 io
1125 1672 1160 1735 B.
1188 1670 1239 1736 Sit
1265 1671 1356 1734 enim

212 1795 340 1869 tempus
373 1789 407 1852 in
436 1806 502 1869 quo
524 1788 555 1855 Ο
577 1793 730 1853 movetur
754 1804 812 1869 per
833 1788 859 1854 B
882 1789 991 1869 ipsum
1015 1789 1058 1861 l),
1080 1794 1121 1853 et
1138 1795 1269 1870 tempus
1291 1807 1360 1870 quo

212 1907 242 1973 Ο
269 1912 421 1974 movetur
453 1924 510 1987 per
542 1906 567 1973 C
591 1907 635 1971 sit
658 1907 710 1971 E:
741 1912 774 1970 et
799 1907 879 1988 quia
912 1907 1066 1971 celeritas
1088 1907 1119 1974 Ο
1141 1906 1175 1971 in
1200 1907 1226 1972 B
1249 1908 1357 1988 spatio

214 2030 305 2089 tanta
326 2025 390 2088 erit
410 2034 553 2106 quantus
587 2032 637 2088 est
670 2042 827 2090 excessus
851 2029 884 2089 in
907 2042 973 2107 quo
1001 2027 1150 2107 gravitas
1171 2023 1201 2090 0
1226 2023 1358 2088 excedit

212 2144 411 2225 gravitatem
445 2145 496 2217 B,
531 2151 567 2207 ut
601 2161 701 2225 supra
734 2144 997 2208 demonstratum
1033 2148 1109 2214 est;
1144 2143 1171 2206 si
1207 2141 1356 2223 gravitas

212 2259 241 2327 0
274 2263 317 2326 sit
350 2263 415 2334 20,
449 2262 598 2345 gravitas
632 2279 712 2326 vero
741 2262 766 2325 B
800 2263 843 2326 sit
877 2262 920 2335 8,
954 2262 1018 2325 erit
1053 2261 1169 2342 utique
1203 2259 1360 2323 celeritas

213 2379 241 2444 1)
265 2380 327 2445 ln:
350 2380 409 2444 sed
431 2379 568 2445 eandem
592 2381 635 2444 ob
657 2397 805 2454 cansam,
823 2380 850 2444 si
869 2380 1018 2463 gravitas
1040 2379 1064 2445 t}
1088 2379 1131 2442 sit
1153 2376 1186 2452 i,
1208 2377 1273 2442 erit
1297 2392 1361 2441 ce-v

213 2498 324 2562 leritas
346 2497 374 2562 Ε
399 2502 435 2563 ut
461 2495 524 2570 16;
546 2495 700 2560 celeritas
723 2514 802 2578 crgo
825 2496 851 2560 E
876 2514 940 2560 non
963 2497 1027 2560 erit
1050 2495 1149 2576 tlupla
1173 2494 1356 2559 celeritatis

215 2615 257 2687 ll;
278 2633 380 2697 quare
402 2633 479 2679 eum
503 2617 610 2698 spatia
628 2615 712 2691 ΒΛ]
738 2617 804 2680 sint
823 2616 975 2697 aequalia
999 2617 1032 2680 in
1057 2616 1275 2699 longitndine,
1294 2633 1359 2678 non
1479 2650 1481 2655 -

216 2733 279 2796 erit
301 2741 428 2814 tempus
450 2735 478 2799 l)
500 2735 636 2816 duplum
663 2736 819 2815 temporis
843 2735 882 2799 E.
905 2736 999 2799 Patet
1022 2751 1102 2817 ergo
1124 2734 1213 2815 quod
1230 2733 1365 2797 veloci·

218 2857 268 2914 tas
291 2852 325 2915 in
348 2853 456 2916 medio
476 2853 500 2919 C
525 2870 590 2917 nou
612 2859 662 2917 est
687 2859 780 2916 tanta
802 2858 959 2931 quantam
979 2869 1051 2915 esse
1072 2851 1204 2916 volebat
1223 2850 1352 2915 Aristo·
1484 2894 1492 2906 ·

217 2969 307 3044 telos,
329 2972 387 3036 sed
411 2971 513 3035 multo
534 2971 664 3044 minor;
688 2987 766 3035 nam
788 2987 830 3032 ex
854 2969 946 3035 illius
967 2969 1132 3034 sententia
1151 2968 1312 3032 velocitas
1337 2968 1363 3030 E

215 3085 325 3151 debuit
339 3104 423 3162 esse,
441 3093 592 3168 respectu
615 3088 802 3151 velocitatis
822 3087 860 3160 D,
876 3086 943 3151 ai:
965 3093 1015 3152 est
1038 3091 1150 3151 antem
1172 3084 1222 3149 16.
1245 3084 1358 3149 Mani-

216 3204 331 3270 lestum
355 3211 405 3268 est
429 3206 531 3288 igitur
553 3205 641 3287 quod
663 3224 728 3287 qno
750 3205 882 3287 quidem
907 3206 1012 3271 levius
1040 3205 1104 3268 erit
1127 3203 1296 3277 medium,
1318 3222 1358 3266 eo

217 3323 360 3388 velocior
381 3325 446 3388 erit
469 3330 578 3390 motus
601 3325 796 3406 proveniens
819 3342 862 3388 ex
886 3326 1073 3408 gravitate:
1105 3323 1161 3387 seri
1196 3322 1276 3404 qnia
1300 3325 1364 3388 sub

216 3444 334 3507 minori
359 3444 567 3525 proportione
601 3461 728 3524 semper
761 3444 895 3525 respicit
930 3443 1089 3508 velocitas
1125 3441 1358 3514 velocitatem,

215 3579 313 3643 quam
338 3563 458 3626 raritas
480 3564 663 3638 raritatem,
686 3564 834 3644 sequitur
856 3563 942 3644 quod
965 3562 1097 3644 quaudo
1121 3561 1241 3624 raritas
1270 3560 1357 3642 plum

217 3682 397 3762 respexerit
430 3683 601 3746 raritatem
638 3684 735 3747 vacui
775 3682 954 3746 secundum
992 3681 1175 3744 maximam
1210 3681 1361 3744 omnium
1397 3688 1400 3691 ’

216 3801 476 3880 proportionum,
500 3819 564 3865 non
589 3808 699 3865 tamen
724 3801 881 3865 velocitas
905 3801 938 3863 in
963 3799 1057 3880 pleno
1081 3799 1122 3862 ari
1147 3798 1359 3862 velocitatem

218 3918 250 3980 in
275 3936 381 3983 vacuo
404 3937 476 3983 eam
500 3921 618 3985 debere
642 3921 885 4003 proportionem
910 3919 1075 3990 retinere,
1098 3925 1135 3981 ut
1157 3918 1241 3982 salso
1268 3923 1361 3980 ratus

219 4040 268 4097 est
290 4039 493 4103 Aristoteles.
517 4040 568 4103 Ex
584 4040 635 4103 bis
654 4041 766 4115 etiam,
785 4057 869 4121 quae
892 4056 992 4120 supra
1016 4037 1123 4120 posita
1146 4044 1233 4113 sunt,
1252 4035 1363 4116 sequi·

220 4157 287 4224 tur,
312 4157 396 4234 quod
420 4157 572 4220 celeritas
596 4159 637 4223 ad
661 4130 864 4222 celeritatem
888 4175 1017 4240 semper
1043 4163 1151 4222 servet
1176 4155 1362 4219 aritmetice

293 4414 325 4471 p]
343 4414 405 4462 rao.
426 4414 451 4469 ι,
471 4415 525 4477 rag.
546 4421 581 4465 ro.
