3104 5168
440 323 600 372 sbllltiblls
623 324 665 370 os
687 323 769 370 uoru
793 324 943 371 onsvrurr.
1214 309 1256 374 13

126 457 239 521 audire
255 455 362 538 cupis,
384 454 530 520 rationes
552 451 730 518 nonnullas
751 454 859 534 ipsam
886 453 1124 528 destruentes,
1138 470 1267 535 casque.

124 592 188 640 noo
220 573 318 639 licias
345 578 379 636 et
410 590 454 637 ex
484 572 669 637 maioribus
700 571 870 652 chymeris
904 557 1094 653 pendentes,
1127 571 1187 636 scd
1215 573 1260 636 ab

123 693 262 772 ipsomet
283 707 384 756 sensu
404 691 627 772 depromptas,
649 690 685 753 in
706 690 854 754 medium
877 688 1063 753 adducam..

211 809 396 875 murelum.
432 806 507 872 Nou
518 807 629 872 minuo
639 806 828 888 jucundum
841 807 907 871 erit
924 806 1006 871 baec
1024 804 1143 871 audire
1157 822 1259 887 quam

123 925 365 1009 problematum
386 923 590 998 solutiones;
612 939 696 1005 quas
709 924 739 987 si
751 926 882 1003 tempus
904 940 972 987 oon
986 922 1267 1004 suppeteritper·.

125 1044 208 1109 terre
228 1047 407 1125 animuum
430 1043 475 1107 sit
497 1041 678 1123 prandendi
700 1039 806 1115 born,
829 1041 863 1105 lu
885 1041 1068 1106 crastinum
1089 1040 1179 1105 diem
1202 1058 1257 1105 re-

124 1160 354 1227 servabimus:
369 1163 404 1224 at
419 1158 559 1224 tortasse
576 1174 643 1224 non
661 1158 824 1225 absonum
840 1156 904 1223 crit
916 1157 1134 1238 nosmetipsos
1152 1172 1258 1237 usque

128 1278 171 1345 ed
194 1278 289 1344 littus
309 1279 413 1345 maris
434 1276 593 1352 contem,
613 1276 727 1357 ibique
741 1291 763 1339 a
777 1275 997 1357 piscatoribus
1010 1280 1046 1341 et
1062 1276 1174 1341 naulis
1193 1274 1258 1362 alif

124 1397 204 1479 quid
216 1396 289 1461 esui
309 1393 600 1463 accommodatum
615 1394 776 1475 accipere,
791 1398 826 1456 el
840 1392 883 1457 ad
901 1392 1043 1458 multem
1059 1393 1147 1458 diem
1162 1408 1259 1458 com·

125 1516 271 1591 morari;
304 1531 385 1581 cum
418 1514 613 1596 praesertim
634 1512 704 1579 sole
726 1513 828 1579 altius
850 1529 950 1592 super
971 1512 1267 1581 orizonleoscem.

124 1633 220 1699 dente
241 1633 450 1699 snbcalescat
470 1631 555 1698 adeo
580 1648 649 1708 aer,
681 1636 722 1717 ut
753 1629 943 1696 brumalem
969 1628 1114 1712 rigorem
1135 1629 1257 1696 ,minus

124 1753 305 1818 obnoxium
327 1752 588 1832 redderentque
608 1751 657 1816 ita
680 1752 764 1816 satis
782 1750 850 1816 ocii
873 1753 1077 1832 suppetente,
1098 1748 1258 1830 qubouid

126 1875 247 1952 exopto
267 1873 328 1936 obs
350 1875 384 1936 te
405 1869 523 1936 audire
546 1873 689 1956 potero.¹

214 1991 418 2055 Auxanum.
442 1988 569 2055 Eamus
590 1988 660 2055 iem
681 1990 849 2070 quolubet.

212 2107 396 2174 bonimcos.
442 2109 493 2174 Tu
514 2111 627 2173 autem
660 2108 723 2173 boc
744 2107 879 2173 interim
902 2112 979 2173 tuas
1004 2108 1152 2174 rationes
1185 2126 1260 2189 per-

127 2225 211 2292 terre
232 2244 274 2291 ne
296 2229 459 2310 gravem.

215 2348 423 2412 autumn.
445 2350 634 2430 Antequam
656 2346 700 2413 ad
720 2349 865 2413 rationes
898 2347 1097 2421 deveniam,
1130 2350 1264 2411 senten·

124 2463 205 2527 tiam
228 2480 346 2529 eornm
367 2463 538 2530 declarare
558 2466 734 2548 expediet,
757 2467 815 2548 qui
849 2463 1055 2542 Adstotelis,
1072 2464 1264 2545 opinionem

127 2584 263 2645 sectam.
285 2582 409 2648 Dicunt
431 2584 519 2648 enim
542 2583 676 2664 mando
697 2583 821 2648 mobile
838 2599 860 2646 a
877 2582 1092 2662 proliciente,
1114 2586 1154 2645 ut
1174 2599 1210 2645 v.
1231 2600 1263 2662 g.

130 2693 215 2773 lapis
246 2699 289 2760 sb
318 2697 454 2763 bomine
474 2699 662 2781 projicitur,
688 2703 768 2764 tuuc
790 2717 813 2764 a
836 2697 1001 2761 moventis
1033 2712 1136 2763 manu
1170 2696 1262 2777 prius

128 2807 313 2890 impellitur
338 2827 395 2874 aer
426 2813 492 2877 sibl
524 2815 714 2895 contiguus,
736 2813 796 2893 qui
817 2818 852 2876 et
874 2811 1017 2891 reliques
1040 2819 1147 2894 parles
1176 2815 1266 2880 acmo

125 2930 265 2999 movet;
288 2925 371 2991 dum
394 2931 508 3008 postea
533 2927 655 2993 mobile
687 2946 708 2993 a
740 2945 843 2995 munu
866 2928 1065 3010 relinquitur
1096 2930 1132 2995 io
1165 2949 1263 3009 aere,

124 3060 181 3109 aer
202 3043 270 3108 iem
292 3048 482 3110 commotus
503 3062 618 3110 secum
642 3046 744 3112 defert
766 3047 910 3113 mobile:
938 3047 1021 3112 baec
1049 3053 1100 3112 est
1116 3051 1259 3116 ,ndito-

124 3162 199 3228 telis
213 3178 333 3228 causa:
347 3163 498 3229 nonnulli
514 3164 641 3231 addunt
651 3167 753 3232 etiam
765 3167 946 3248 quodcum
955 3168 1078 3234 mobile
1091 3173 1269 3240 movetur„

123 3286 234 3364 partes
255 3281 342 3346 aeris
364 3281 408 3346 ed
429 3283 623 3366 replendum
646 3303 794 3351 vacuum
812 3286 902 3367 qood
920 3293 994 3368 post
1004 3304 1044 3371 se
1056 3287 1269 3370 relinqueret»

125 3401 330 3475 succedunt,
351 3418 393 3467 ex
414 3419 558 3482 quarum
579 3420 746 3470 concursu
769 3405 967 3487 posteriores
989 3410 1100 3487 partes
1126 3404 1259 3471 mobilis

124 3515 348 3598 impelluntur.
371 3517 465 3583 lianc
497 3524 611 3584 tamen
645 3521 842 3587 sententiam
865 3536 938 3586 esse
959 3519 1186 3598 isblmimam,
1208 3520 1265 3589 bis

123 3634 308 3701 rationibus
330 3636 504 3703 ostendere
525 3639 682 3704 conober.

210 3752 324 3819 Prima
344 3753 459 3835 itaque
479 3755 566 3820 ratio
588 3755 653 3821 sit:
676 3757 705 3821 sl
727 3757 850 3823 mobile
882 3775 903 3821 a
939 3756 1048 3823 medio
1081 3761 1259 3830 movetur,

122 3868 241 3935 mobile
273 3871 461 3936 necessario
487 3871 531 3936 nd
552 3872 686 3939 easdem
708 3879 818 3956 partes
841 3875 884 3939 ad
906 3892 991 3956 quas
1013 3873 1162 3940 medium
1184 3890 1258 3938 mo·

125 3988 265 4053 rebitur.
288 3989 396 4056 lluius
419 3996 531 4057 umen
552 3994 760 4060 waltarium
777 3995 910 4076 saepius
928 3994 1095 4060 videmus:
1119 3993 1148 4056 si
1171 3993 1262 4058 enim

125 4103 227 4171 flante
247 4125 445 4192 quocunque
467 4109 675 4178 validissimo
703 4118 813 4189 vento,
846 4119 961 4179 contra
996 4115 1108 4194 ipsum
1136 4109 1258 4176 mobile

125 4225 330 4308 prolicietur,
344 4231 499 4310 quamvis
514 4234 635 4297 ventus
656 4232 700 4297 ab
714 4237 830 4298 austro
845 4233 959 4313 spiret,
973 4230 1016 4295 nd
1034 4232 1190 4294 ausuum
1207 4232 1260 4291 ta·

126 4354 213 4418 meu,
226 4343 255 4409 sl
278 4358 317 4409 eo
339 4343 514 4427 dirigetur,
537 4345 663 4413 leretur
684 4348 829 4421 mobile;
852 4366 894 4417 ex
916 4365 982 4430 quo
1006 4351 1117 4429 patet,
1136 4344 1268 4413 mobile.

1332 679 1348 761 1Ι
