3120 5168
627 396 743 445 conrno
767 399 796 444 ιι
820 398 929 446 canna.
1276 384 1342 452 tte

206 527 317 609 quello
340 525 403 590 ohe
426 525 491 607 egti
515 526 559 588 ha
582 532 749 608 stampato
771 546 861 593 esser
887 546 988 610 opera
1013 529 1063 592 det
1091 546 1151 593 suo
1175 531 1343 604 Maestro;

206 644 250 709 ad
274 644 352 709 altri
378 643 510 725 predica
532 642 594 707 ohe
616 650 734 724 questo
757 652 941 710 strumento
960 643 978 709 e
996 647 1191 711 invenzione
1209 647 1243 712 (11
1264 651 1344 714 Tico

206 766 338 839 Brohe,
360 782 378 828 e
400 780 458 845 per
479 764 616 830 Padova
639 770 893 829 comunemente
916 783 960 829 va
983 765 1124 831 dicendo
1159 768 1220 831 ohe
1244 767 1278 830 io
1299 766 1344 831 ho

208 900 305 966 presa
327 887 445 964 questa
467 882 662 947 invenzione
687 882 729 945 da
751 899 798 945 ιιιι
822 883 908 947 libro
931 899 988 964 per
1011 885 1126 949 avanti
1142 888 1308 966 stampato
1327 903 1345 948 e

211 1001 380 1082 publicato
400 1001 436 1064 in
458 999 638 1066 Germania
660 1002 695 1064 in
719 1001 834 1083 lingua
857 1002 1000 1078 tedesco,
1022 1003 1046 1067 il
1070 1004 1169 1095 quale
1192 1002 1345 1067 aoonsu-

209 1121 282 1184 sion
304 1120 373 1184 mia
396 1120 475 1186 vuol
498 1119 550 1182 far
571 1121 686 1185 venire
701 1137 721 1184 e
738 1120 823 1184 farlo
841 1121 960 1185 vedere
983 1138 1003 1184 a
1018 1121 1096 1185 tutti
1111 1139 1120 1194 ;
1142 1139 1246 1186 enon
1263 1138 1345 1185 oon·

209 1237 385 1302 siderando
417 1236 479 1301 ohe
505 1241 630 1318 quanto
664 1238 694 1300 ei
718 1238 792 1301 dice
822 1233 840 1300 e
870 1237 1081 1320 egualmente
1108 1237 1345 1321 pregiudiziate

210 1353 349 1418 all'onor
369 1353 440 1417 mio
462 1371 480 1416 e
503 1355 535 1416 at
559 1370 621 1417 suo
645 1350 724 1438 (non
747 1352 877 1419 avendo
895 1352 960 1435 egli
980 1352 1033 1415 net
1049 1369 1112 1416 suo
1133 1352 1219 1417 111ιιο
1236 1352 1346 1417 nomi·

210 1473 290 1533 nato
312 1469 390 1532 altri
412 1468 473 1532 che
495 1465 530 1532 se
553 1486 610 1550 per
632 1474 750 1533 autore
765 1468 799 1534 (11
818 1466 1050 1553 qnest‘opera)‚
1075 1486 1115 1533 sn
1138 1469 1173 1532 ta
1185 1485 1345 1550 speranza

210 1586 273 1649 ohe
294 1585 436 1667 qualche
458 1603 533 1651 osso
555 1605 576 1651 o
599 1587 684 1653 lisca
707 1604 803 1669 possa
827 1587 1061 1651 attraversansi
1087 1586 1123 1650 in
1145 1586 1221 1668 gola
1244 1603 1264 1649 a
1283 1604 1346 1661 me,

210 1705 237 1768 si
259 1708 361 1768 mette
384 1721 405 1768 a
427 1705 621 1788 inghiottire
643 1707 784 1770 booooni
808 1707 876 1770 mat
900 1705 1070 1769 masticati
1099 1721 1118 1768 e
1151 1705 1218 1769 ossi
1243 1704 1347 1768 molto

209 1820 285 1884 duri
307 1822 512 1887 derodere:
543 1841 565 1886 o
591 1840 673 1906 pure
702 1841 834 1890 vorrem
857 1823 912 1888 noi
937 1823 1085 1898 credere,
1106 1821 1169 1886 ohe
1190 1822 1257 1904 egli
1280 1821 1348 1885 alta

212 1937 336 2002 oadnta
357 1938 445 2003 delta
466 1957 528 2003 sua
551 1941 776 2022 repntazione‚
798 1940 860 2004 ohe
879 1939 921 2003 da
938 1945 1055 2020 troppo
1077 1938 1147 2002 alto
1169 1938 1347 2020 precipizio

211 2055 330 2120 rovina
353 2056 407 2119 net
428 2061 580 2121 conoetto
602 2056 690 2138 degli
714 2057 854 2132 nomini,
878 2054 965 2122 vada
988 2055 1161 2120 mettendo
1176 2059 1274 2128 sotto,
1290 2072 1349 2137 per

212 2172 359 2236 ritardar
375 2173 408 2236 la
423 2190 588 2257 peronem,
612 2174 785 2256 guancioti
808 2174 841 2238 (11
866 2189 952 2239 vane
969 2188 1127 2254 speranza
1142 2189 1161 2235 e
1177 2171 1211 2236 di
1227 2171 1349 2254 giusti-

212 2288 365 2355 flcazioni
388 2291 429 2354 da
453 2293 543 2372 paesi
566 2292 694 2356 lontani
719 2293 910 2374 aspettate?
936 2287 963 2354 si
983 2307 1079 2355 oome
1101 2289 1204 2372 quetti
1225 2289 1288 2354 ohe
1306 2290 1348 2354 da

208 2424 256 2470 un
277 2407 346 2471 atto
368 2408 501 2473 editizio
523 2410 675 2475 dovendo
698 2410 821 2475 saltare
844 2427 864 2473 a
891 2411 1007 2484 basso,
1032 2426 1090 2491 per
1112 2426 1178 2472 non
1200 2407 1349 2474 rioevere

210 2520 281 2587 eost
303 2525 388 2587 dura
410 2541 584 2605 pereossa,
606 2543 668 2590 oon
693 2527 804 2608 pagtia
825 2542 847 2588 o
869 2523 957 2589 tieno
979 2542 1000 2588 o
1018 2524 1105 2587 altra
1127 2523 1269 2587 materia
1291 2538 1349 2586 oe·

211 2640 308 2704 dente
330 2641 359 2704 si
381 2640 480 2706 fanno
511 2648 706 2707 stramazzo.
739 2637 846 2707 verra
868 2643 1002 2723 dunque
1024 2640 1048 2704 11
1072 2640 1158 2704 libro
1180 2643 1348 2721 stampato

212 2758 248 2822 1ιι
271 2758 464 2841 ΔΙοιιιιςιιιι,
480 2776 500 2821 e
515 2776 574 2841 per
596 2766 722 2841 quanto
745 2759 882 2823 intendo
896 2759 920 2823 11
934 2758 1058 2825 Gromo
1075 2775 1116 2821 ne
1132 2751 1210 2821 sara
1226 2774 1348 2838 appor-

211 2877 342 2949 tatore;
375 2892 430 2940 ma
462 2873 641 2960 bisognera
663 2877 725 2940 che
749 2878 772 2941 11
797 2877 906 2958 Capra
929 2878 980 2941 sia
1001 2876 1035 2940 (11
1059 2879 1177 2958 questo
1206 2875 1348 2939 secondo

209 2993 346 3077 miglion
368 2995 505 3060 custode
524 2997 586 3060 ohe
602 2997 777 3074 delt'altro‚
800 2997 824 3060 11
848 2996 948 3079 qualo
971 2991 1027 3078 gia
1049 2996 1130 3059 ebbe
1155 2991 1228 3079 (ohe
1250 2989 1348 3075 pure

208 3107 300 3172 tonza
322 3108 386 3173 ohe
407 3111 472 3193 egli
496 3112 583 3177 altra
608 3113 698 3177 volta
722 3113 844 3177 l'abbia
868 3117 983 3188 avuto,
1002 3109 1118 3194 poiche
1136 3130 1185 3188 sa,
1202 3128 1297 3175 come
1312 3110 1347 3172 in
1371 3110 1373 3113 ’

208 3226 319 3306 qnetlo
341 3227 369 3291 si
394 3229 548 3292 contione
570 3237 697 3311 quanto
721 3232 754 3294 io
776 3230 820 3294 ho
842 3230 922 3294 dato
944 3230 1033 3294 fuori
1058 3248 1116 3313 per
1150 3227 1347 3295 intenzione

209 3339 302 3426 mia),
321 3359 380 3422 per
398 3344 525 3424 poterlo
547 3351 712 3410 mostrare
727 3365 748 3411 a
766 3349 820 3412 chi
844 3365 910 3412 non
932 3347 1084 3412 credesse
1102 3347 1166 3411 atto
1182 3361 1242 3410 sue
1260 3360 1349 3407 sem·

208 3456 288 3538 plici
311 3459 432 3540 parole.
455 3463 517 3526 Per
541 3468 658 3543 questo
682 3465 819 3546 rispetto
840 3465 997 3544 dunque,
1022 3481 1041 3524 e
1064 3464 1148 3527 ottre
1170 3479 1192 3526 a
1214 3458 1268 3527 oio
1290 3478 1348 3543 per

208 3591 276 3639 non
300 3591 454 3642 mancare
478 3596 498 3666 a
520 3586 646 3660 quanto
669 3582 703 3645 di
729 3599 827 3663 sopra
848 3582 896 3645 mi
910 3581 1069 3662 obbligat,
1085 3581 1147 3645 ohe
1162 3580 1210 3658 1ιι,
1228 3599 1263 3645 se
1284 3583 1349 3646 ben

209 3695 256 3758 mi
279 3693 425 3772 rioordo‚
448 3697 483 3760 (11
505 3696 557 3759 far
579 3703 709 3762 costare
732 3715 827 3762 come
850 3698 903 3762 nel
927 3698 1014 3761 libro
1032 3696 1084 3760 del
1107 3697 1215 3780 Capra
1240 3700 1350 3763 niente

209 3812 244 3875 vi
268 3829 326 3876 era
348 3813 401 3877 del
424 3832 508 3889 sno,
531 3815 622 3899 dagli
646 3817 752 3881 errori
776 3817 811 3880 in
830 3818 908 3898 poi,
927 3833 994 3880 non
1012 3834 1110 3900 posso
1124 3822 1232 3882 restar
1245 3817 1280 3880 (11
1299 3817 1350 3880 far

209 3928 315 4008 potest
338 3930 350 3992 i
372 3930 498 4014 tnoghi,
521 3933 607 3997 onde
629 3934 660 3997 te
683 3951 759 3999 oose
781 3935 844 3999 ohe
862 3941 996 4001 restano
1011 3953 1092 4001 sono
1108 3937 1249 4017 copiam,
1264 3952 1283 3997 e
1301 3933 1347 4017 gti

209 4046 314 4108 errori
343 4046 394 4109 del
416 4047 526 4129 Capra
548 4049 807 4129 disseminativi,
832 4052 1009 4118 tenendovi
1032 4069 1154 4118 ancora
1170 4068 1228 4133 per
1246 4052 1348 4116 breve

209 4168 323 4245 tempo
332 4169 486 4249 ocenpati
502 4169 537 4232 in
554 4169 637 4234 altre
654 4172 770 4249 inerte,
790 4171 903 4254 Depre
919 4173 952 4236 dt
966 4175 1035 4239 riso
1048 4192 1064 4237 ι
1075 4173 1109 4237 (11
1124 4173 1346 4255 compassione.

297 4280 360 4350 Gia
386 4285 421 4350 di
444 4305 542 4369 sopra
564 4291 592 4353 si
616 4285 634 4354 e
657 4293 787 4373 partato
810 4295 943 4359 intorno
976 4293 1008 4357 a!
1044 4293 1152 4375 primo
1175 4291 1216 4355 ed
1239 4291 1271 4355 al
1294 4307 1347 4354 se·

207 4404 315 4468 oondo
339 4407 485 4486 capitolo
508 4417 635 4489 quanto
658 4412 808 4478 bastava.
