3120 5168
595 376 706 423 sitactttt
729 377 958 427 ssosunrtunts

341 577 430 643 Dotis
452 580 572 644 duobus
594 580 805 664 cripturam
827 586 930 650 solidis
954 587 1104 650 similibus
1127 608 1227 653 uorsus

597 692 637 756 ob
660 690 759 756 oltrro
779 695 971 759 subtrahero.

670 847 794 905 ussus
814 850 895 906 xix.
988 819 992 826 ’

286 1010 317 1066 st
332 1011 389 1067 sint
403 1013 484 1083 ptura
501 1011 591 1068 solida
609 1027 676 1080 una,
696 1019 867 1085 quaerantur
887 1015 1082 1084 proportiones
1096 1017 1212 1072 alterius
1229 1017 1266 1071 ad
1283 1017 1349 1070 alte·

213 1118 277 1159 sum
294 1107 427 1175 utsupra
445 1103 551 1159 dictum
570 1102 640 1173 tuit,
658 1108 688 1160 et
714 1103 763 1160 ssat
780 1104 907 1171 additio,
928 1109 957 1159 ut
976 1106 1092 1161 omnino
1115 1107 1219 1162 lactum
1239 1106 1291 1161 luit
1318 1107 1347 1160 iss

212 1191 352 1261 superiori
368 1191 501 1261 exemplo
519 1207 569 1263 pso
588 1192 676 1249 latere
695 1191 735 1261 Ἐς
753 1192 791 1248 sit
816 1193 898 1249 modu
926 1194 1119 1251 subtrahenda
1147 1194 1223 1252 linea
1248 1197 1344 1253 lateris

213 1282 356 1353 bomologi
384 1280 420 1350 G,
445 1287 597 1354 quaeratur
625 1285 768 1355 proportio
795 1284 869 1340 inter
888 1283 913 1341 G
932 1290 961 1340 et
983 1284 1004 1338 1²
1016 1325 1024 1351 ‚
1052 1302 1124 1357 quae
1152 1287 1181 1341 in
1210 1287 1349 1356 superiori

213 1372 361 1431 schemate
377 1374 416 1431 sit
434 1379 465 1430 nt
482 1379 536 1428 sou
552 1375 588 1431 ad
605 1377 651 1443 at,
670 1375 874 1433 subtrabuntur
893 1379 928 1432 at
945 1390 983 1434 ex
997 1382 1068 1446 tou,
1085 1378 1284 1449 relinquuntur
1301 1381 1345 1442 ltu,

213 1482 252 1524 ex
270 1468 386 1525 immuto
403 1468 593 1525 instrumento
617 1468 776 1540 excipiatur
792 1468 926 1525 distantia
944 1469 1019 1525 inter
1047 1475 1151 1540 puncta
1169 1475 1213 1527 aa
1231 1475 1268 1527 uu
1295 1486 1347 1541 pso

210 1560 299 1615 latere
316 1556 363 1627 Π,
392 1563 422 1616 et
438 1558 477 1614 ita
496 1558 568 1615 laets
586 1559 641 1615 erit
658 1559 831 1627 subtractio,
850 1574 922 1631 quae
950 1559 1091 1630 proposita
1114 1560 1175 1616 tuit.
1194 1559 1343 1629 Similiter,

210 1650 362 1721 propositis
379 1649 488 1706 duobus
506 1649 614 1717 solidis,
633 1664 753 1722 qaum·
771 1650 842 1707 alter
861 1650 898 1705 sit
917 1649 976 1705 noti
996 1649 1129 1720 ponderis
1147 1650 1294 1721 indagare,
1314 1657 1346 1708 ut

210 1738 235 1795 si
254 1738 276 1794 l‘
294 1744 372 1799 esset
388 1740 527 1797 diameter
557 1739 695 1811 sphaerae
712 1743 748 1796 at
765 1740 916 1808 librarum,
944 1737 969 1795 (1
999 1744 1095 1797 annm
1117 1745 1194 1797 esset
1209 1741 1349 1799 dimeter

210 1832 350 1906 spbacrac
363 1835 452 1907 ignoti
464 1835 609 1907 ponderis,
625 1836 800 1906 accipiamus
814 1834 932 1891 scisne
945 1835 1153 1907 qnantitstem,
1177 1833 1252 1889 banc
1279 1850 1351 1904 pun·

210 1926 265 1984 ctis
283 1931 328 1983 24.
349 1930 385 1983 14
402 1928 625 2000 applicabimus,
646 1932 674 1983 et
692 1928 854 1985 videbimus
880 1944 936 1998 quo
965 1927 1072 1983 incidat
1097 1927 1236 1985 dissuatur
1254 1925 1300 1994 G,
1320 1934 1350 1983 ut

213 2019 244 2074 in
261 2016 315 2075 boc
331 2032 396 2075 casu
414 2019 477 2074 inb
495 2021 554 2087 11³,
570 2033 659 2089 quare
675 2017 937 2089 pronunciabimus‚
958 2017 1095 2089 sphaerae
1109 2018 1192 2088 cuiue
1210 2018 1349 2076 diameter

211 2117 257 2168 eet
275 2110 319 2178 G,
342 2110 451 2181 pondus
468 2126 531 2168 csse
550 2110 684 2167 librarum
705 2114 794 2181 8113.

370 2276 451 2342 Dato
473 2279 568 2343 solido
592 2296 790 2362 quocunque,
814 2277 892 2341 iliud
914 2279 999 2340 omsu'
1022 2276 1185 2358 multipiici

503 2389 702 2472 proportione
725 2406 841 2467 cupere
865 2384 1066 2451 et'minuere.

675 2543 800 2601 CAPUT
819 2543 885 2600 XX.

283 2707 317 2761 lu
327 2708 455 2778 praem
464 2708 604 2779 superiori
621 2708 755 2778 exemplo
767 2708 804 2762 eit
815 2706 955 2763 diensem
969 2705 1107 2776 sphaerae
1120 2706 1256 2761 librarum
1273 2709 1347 2769 octo,

209 2800 240 2853 ct
257 2796 434 2855 decimas
449 2799 504 2854 alta
522 2798 658 2854 librarum
675 2797 823 2869 quiaque,
846 2801 874 2852 et
892 2796 947 2852 alia
966 2796 1101 2852 librarum
1121 2795 1348 2866 quinquaginta3

208 2887 365 2959 accipistsu
378 2890 521 2960 quantitas
538 2888 572 2956 C,
592 2889 701 2945 circino
720 2887 815 2959 aliquo
833 2887 903 2943 baec
922 2886 1121 2944 accomodatur
1137 2901 1187 2955 per
1206 2888 1348 2941 transver-

208 2994 273 3036 sum
290 2980 405 3051 punctis
420 2984 446 3034 a
464 2984 482 3035 8
501 2980 594 3038 lineae
613 2980 791 3046 solidorum,
808 2984 839 3036 et
856 2995 894 3037 ex
916 2979 1033 3035 isnsnotu
1062 2979 1253 3035 instrumento
1275 2976 1350 3032 esci-

206 3069 300 3140 piatssr
315 3069 451 3127 distantia
469 3071 666 3141 interpuncta
692 3075 718 3125 s.
736 3075 754 3125 s
771 3087 824 3141 pro
850 3072 926 3127 linea
948 3069 991 3130 1),
1010 3084 1083 3141 qnee
1101 3067 1227 3127 ostendit
1244 3068 1351 3125 diame-
1427 3090 1429 3093 ·

206 3166 283 3216 trum
301 3158 442 3230 sphaerae
460 3159 585 3231 quinique
603 3160 758 3229 librarum3
788 3161 921 3217 similiter
942 3159 1101 3231 excipiatur
1117 3158 1254 3216 distantia
1276 3158 1350 3213 inter

205 3253 309 3320 puncta
329 3253 372 3305 so.
391 3254 427 3304 stu
444 3265 495 3320 pro
513 3250 590 3306 tinea
609 3250 655 3315 E,
675 3265 748 3322 quae
765 3251 896 3307 ostendet
914 3250 1084 3306 diametrum
1104 3249 1244 3320 spbacrnc
1267 3250 1349 3319 quin-

206 3342 339 3415 quaginta
354 3343 499 3399 librarum.
518 3341 580 3398 lion
599 3342 723 3401 absimili
742 3343 878 3413 operandi
902 3342 985 3399 modo
1013 3356 1164 3412 possumus
1192 3339 1281 3410 probi.
1313 3342 1348 3399 5.

209 3447 287 3503 prop.
306 3435 352 3496 rt,
370 3432 418 3486 lib.
443 3447 472 3486 xs
501 3430 580 3487 Enct.
600 3433 765 3498 resolvere,
785 3432 860 3505 quod
878 3433 961 3489 docet
979 3448 995 3487 a
1015 3433 1080 3488 data
1097 3434 1176 3487 secta
1194 3429 1270 3487 linea
1283 3430 1349 3485 dato

208 3522 299 3579 solido
325 3523 562 3594 parallelepipedo
589 3524 694 3587 simili,
718 3524 850 3595 similiter
878 3525 1001 3595 positum
1031 3524 1152 3580 solidum
1171 3521 1348 3592 parallelepi-

207 3613 312 3682 pednm
330 3611 501 3669 describere.

256 3776 381 3843 14444444
402 3777 533 3843 solidum
556 3780 591 3842 in
612 3789 717 3860 portes
736 3780 850 3863 petitos
875 3778 1018 3853 diuidere,
1038 3785 1132 3861 utque
1150 3776 1246 3841 etium

305 3885 386 3951 dctis
410 3885 529 3951 duobus
551 3888 599 3950 oet
627 3887 728 3950 tribus
762 3886 867 3951 solidis
891 3887 1070 3951 tertiumsi
1095 3890 1248 3970 quartum
1279 3922 1282 3928 -

288 3996 536 4076 proportionale
559 3994 745 4078 odiuuqere.

671 4150 795 4208 CAPUT
812 4151 893 4207 xxi.

279 4308 424 4369 ltisidatssr
441 4312 606 4383 superficies
624 4311 707 4369 solidi
723 4329 759 4370 ea
776 4316 897 4383 saliono,
916 4328 971 4386 qua
989 4315 1020 4369 in
1038 4314 1113 4371 linea
1130 4311 1343 4383 superficierum

208 4397 324 4469 Cap-X
353 4409 382 4457 et
409 4401 451 4459 xs
468 4402 615 4458 docuimus
644 4401 773 4461 dividere
799 4404 982 4475 stupefactos,
1013 4420 1116 4473 nempe
1148 4405 1178 4458 in
1206 4403 1345 4472 oppositis
