3120 5168
536 375 695 421 saanoaas
714 375 754 418 ba
780 376 862 422 acan
887 377 1036 422 carrina.
1309 362 1352 426 79

217 522 350 571 scensas
373 508 404 565 et
428 504 593 584 elongatio
617 501 722 566 lineae
748 503 802 567 HL
827 521 845 565 a
871 504 936 575 bl,
950 505 1118 586 assignare
1137 523 1202 566 noa
1220 505 1352 568 contin-

215 629 285 705 gat,
308 623 426 685 saltem
450 621 584 700 longum
609 625 680 700 post
706 625 843 713 tammus.

305 740 339 804 Si
363 739 474 818 itaque
497 737 608 800 animo
630 736 857 817 concipiamus
888 739 1044 819 temporis
1066 739 1240 804 decursum
1261 741 1353 804 elon-

213 857 340 941 gationi
353 855 517 936 aequabili
529 855 636 918 lineae
655 855 711 919 HL
730 872 750 917 a
767 856 822 920 ΒΑ
836 856 1043 936 respondere,
1058 856 1141 920 adeo
1155 863 1192 921 ut
1207 858 1352 939 primum

214 978 371 1058 temporis
393 975 520 1038 instans
545 973 761 1054 separationis
796 973 895 1038 luerit
929 973 1083 1040 ultimum
1109 975 1353 1058 conjunctionis

214 1091 394 1157 earundem
418 1091 592 1161 linearum,
608 1091 688 1153 item
707 1089 934 1171 intelligamus
958 1089 1114 1171 gradibus
1131 1091 1312 1156 celeritatis
1331 1109 1351 1155 a

215 1209 389 1274 mobilibus
404 1226 446 1272 ex
460 1209 569 1289 quiete
584 1208 618 1270 in
634 1207 659 1274 C
676 1207 947 1271 descendentibus
970 1207 1189 1288 acquirendae
1211 1226 1348 1290 respon-

212 1328 290 1393 dere
312 1329 416 1391 lineas
438 1328 526 1390 intra
549 1327 713 1408 triangula
733 1325 836 1400 MGN,
851 1324 922 1392 001
935 1325 1199 1407 comprehensas,
1221 1346 1347 1410 cogno-

214 1462 305 1510 scere
327 1462 394 1508 non
417 1443 480 1506 erit
493 1444 680 1507 obscurum
713 1460 778 1522 qua
813 1443 942 1506 ratione
969 1441 1040 1504 lieri
1065 1443 1167 1522 possit
1190 1450 1227 1507 nt
1251 1444 1351 1508 iidem

215 1562 336 1644 gradus
350 1559 448 1623 modo
467 1576 487 1622 a
506 1558 620 1622 mobili
636 1564 780 1638 tempore
797 1559 992 1622 brevissimo
1011 1558 1233 1636 obtineantur,
1252 1560 1350 1625 modo

214 1678 426 1761 longissimo;
449 1677 531 1739 adeo
555 1681 591 1737 ut
613 1674 773 1754 ampliato
807 1673 914 1755 magis
951 1675 1119 1756 magisque
1143 1675 1265 1756 angulo
1288 1678 1349 1739 ob·

213 1804 286 1860 tuso
302 1796 327 1859 F
329 1795 395 1869 CG,
412 1811 489 1858 cum
507 1792 613 1855 lineae
628 1791 691 1866 CF,
706 1791 761 1859 CG
775 1792 1047 1873 quamproximae
1063 1798 1158 1856 erunt
1177 1794 1255 1874 ipsis
1271 1792 1349 1862 CA.

212 1913 277 1987 CB,
293 1929 392 1993 quam
408 1913 550 1992 primum
569 1910 623 1974 HL
647 1928 667 1972 a
690 1911 776 1973 linea
795 1911 849 1974 ΑΒ
868 1910 1068 1992 sejungetur,
1085 1911 1171 1990 qnod
1189 1911 1277 1975 idem
1296 1921 1346 1973 est

213 2030 305 2094 acsi
327 2029 486 2102 dicamus,
508 2035 654 2108 tempore
677 2027 887 2102 brevissimo,
909 2044 967 2092 seu
990 2045 1122 2091 summa
1139 2046 1216 2092 cum
1231 2028 1349 2092 celeri·

213 2153 291 2222 tate,
315 2148 418 2212 linens
440 2164 565 2221 omnes,
587 2163 704 2227 nempe
728 2145 896 2219 infinitas,
919 2153 951 2210 et
975 2147 1246 2231 magnitudinum
1276 2166 1350 2212 om·

210 2268 305 2333 nium
327 2271 489 2347 quotquot
512 2271 589 2329 sunt
618 2267 703 2329 inter
730 2271 887 2346 punctum
912 2265 937 2332 C
960 2272 993 2329 et
1014 2267 1198 2330 mammam
1222 2271 1349 2348 partem

209 2386 358 2469 ejusdem
382 2384 438 2450 HL
462 2386 677 2466 interceptam
693 2386 754 2447 sub
769 2385 982 2449 obtusissimo
1001 2385 1139 2468 angulo,
1163 2384 1350 2469 designabit

210 2521 271 2568 suo
293 2510 387 2568 motu
411 2504 527 2568 eadem
551 2503 637 2567 linea
662 2502 739 2577 HL,
763 2503 969 2585 designabit,
1004 2504 1162 2584 inquam,
1197 2504 1280 2569 adeo
1312 2511 1349 2567 ut

211 2622 303 2686 nulla
326 2623 370 2686 sit
390 2640 505 2687 earum
530 2622 585 2686 cui
608 2623 757 2703 aequalis
779 2608 959 2702 aliquando
987 2640 1052 2686 non
1080 2621 1180 2686 fuerit
1206 2640 1273 2686 nna
1297 2623 1349 2684 in·

214 2745 433 2820 terceptarnm
456 2760 474 2804 a
499 2741 594 2805 lineis
628 2743 783 2805 obtusum
819 2740 978 2822 angulum
1013 2741 1267 2805 continentibus.
1299 2742 1348 2804 lix

212 2872 279 2936 quo
296 2858 418 2922 accidit
435 2865 562 2924 motum
583 2865 781 2939 punctorum
797 2859 841 2927 Μ.
860 2858 888 2921 N
903 2875 1003 2939 super
1019 2858 1124 2921 lineas
1140 2859 1202 2928 CF,
1219 2857 1274 2925 CG
1292 2875 1350 2923 ve·
1419 2843 1425 2852 ’

211 2976 416 3041 locissimum
438 2980 589 3052 evadere,
612 2977 688 3040 licet
712 2976 878 3059 elongatio
901 2976 1007 3039 lineae
1031 2976 1086 3040 HL
1111 2994 1140 3039 a>
1154 2978 1209 3041 ΒΑ
1225 2977 1268 3040 sit
1285 2977 1350 3040 mi-

209 3097 311 3170 nima,
334 3101 433 3177 atque
458 3097 667 3169 tardissima:
691 3096 763 3159 tieri
786 3085 874 3159 enim
898 3100 1005 3176 potest
1029 3093 1191 3177 angulum
1214 3093 1238 3161 C
1264 3093 1347 3158 adeo

208 3230 279 3278 esse
301 3216 477 3284 obtusum,
501 3222 534 3278 et
564 3216 668 3278 lineas
691 3214 754 3290 CF,
778 3183 832 3279 ct}
854 3214 916 3294 ipsi
940 3214 995 3277 AB
1018 3214 1101 3277 adeo
1124 3212 1347 3295 propinquas,

210 3335 248 3393 ut
270 3331 376 3395 lineae
400 3333 472 3404 cll,
492 3333 559 3404 CN,
575 3350 633 3396 seu
657 3333 758 3396 etiam
776 3334 847 3412 ipsa
863 3332 939 3406 MN,
956 3331 1087 3396 inlinito
1105 3348 1187 3412 pene
1210 3349 1346 3395 excessu

207 3456 363 3530 superent
386 3451 578 3514 distantiam
603 3453 688 3514 inter
710 3452 777 3527 AB,
801 3452 866 3515 HL.
899 3454 946 3513 Ac
970 3449 1103 3513 tandem
1127 3450 1162 3512 in
1185 3449 1347 3513 altissima

208 3571 241 3629 el
262 3567 381 3630 ultima
405 3567 518 3650 anguli
542 3566 566 3633 C
590 3568 806 3641 dilatatione,
829 3567 891 3630 boc
914 3573 964 3630 est
986 3566 1219 3647 coniunctione
1242 3564 1347 3628 linoa-

208 3700 283 3748 rnm
307 3685 370 3759 Cl',
393 3685 447 3752 CG
470 3704 547 3750 cum
572 3687 668 3750 lineis
691 3686 761 3755 CA,
785 3686 853 3760 CB,
876 3691 985 3748 motus
1008 3682 1192 3748 consimilis
1215 3683 1347 3756 mobile,

200 3799 273 3880 J'am
288 3803 477 3878 declaratis,
495 3807 608 3869 evadit
624 3807 865 3878 instantaneus,
883 3803 1047 3884 simulque
1059 3801 1209 3866 infinitus
1220 3818 1262 3865 ex
1284 3808 1348 3864 ter-

208 3921 298 3985 mino
321 3921 356 3988 C.
380 3922 537 4005 Nunquid
560 3924 722 4005 ejusmodi
746 3926 789 3988 sit
812 3924 948 3988 luminis
970 3924 1140 4004 expansio,
1155 3923 1244 4002 quod
1258 3928 1346 3985 certe

208 4037 281 4100 loco
303 4056 369 4103 nno
392 4058 432 4104 ac
457 4042 633 4105 terminato
657 4048 854 4123 generatur,
889 4046 921 4104 et
956 4047 1103 4120 tempore
1125 4038 1240 4102 eodem
1264 4037 1345 4100 locis

207 4155 361 4220 omnibus
377 4158 443 4221 late
458 4160 717 4240 circumquaque
733 4159 922 4241 patentibus
937 4158 1120 4239 reperitur?
1135 4157 1197 4222 Sed
1216 4157 1259 4219 ad
1277 4173 1346 4219 rem

207 4280 375 4339 nostram:
410 4295 476 4342 non
511 4276 645 4341 difficile
668 4296 739 4342 esse
761 4278 907 4343 arbitror
929 4297 971 4341 ex
995 4277 1098 4341 allato
1121 4276 1272 4357 exemplo
1295 4276 1346 4338 in-

209 4390 370 4474 telligere,
394 4396 559 4478 simulque
583 4372 773 4471 concedere,
798 4397 975 4462 mobilium
995 4415 1036 4459 ex
1051 4396 1161 4476 quinte
1183 4393 1346 4457 naturali·
