3120 5168
621 379 731 427 eruerat
755 379 986 427 rnoronrroars.
1304 365 1371 433 eda

239 497 411 556 comparare.
426 483 509 540 lianc
527 488 622 541 summ
640 489 672 541 ut
689 489 767 542 recte
785 485 815 541 in
835 491 882 541 tuo
899 486 1092 543 instrumento
1117 488 1280 547 describere
1307 505 1370 560 poe

237 577 287 641 sis,
300 576 422 648 weipies
432 576 573 646 integram
588 576 681 632 lineae
695 577 912 647 longitudinem,
925 575 1000 632 banc
1013 577 1043 632 in
1057 579 1118 634 loco
1130 580 1214 650 plano
1229 581 1369 651 signabis,

233 684 321 740 quarn
336 668 449 726 divides
466 669 591 739 primum
609 669 639 725 in
658 668 730 724 duas
743 673 839 739 partes
857 669 1009 740 aequales,
1038 675 1068 726 et
1095 669 1212 728 babebis
1239 676 1369 729 nanuum

235 758 307 816 inl]
327 759 448 833 [Tabula
465 758 519 823 Xl,
539 760 599 831 llig.
618 761 678 833 d'l),
697 777 735 817 ex
752 776 808 832 quo
829 760 974 816 describes
993 761 1203 820 semicirculum
1220 762 1368 831 AliGllB3

234 852 340 909 iterum
358 858 470 910 secetur
487 853 518 907 in
537 851 573 921 lt,
589 853 628 909 ita
643 856 675 909 ut
691 851 741 908 nu
759 852 797 908 sit
815 867 882 922 pars
900 853 991 915 tertia,
1010 858 1153 923 postremo
1171 861 1282 912 mter
1299 855 1370 911 iuli

234 942 276 999 sic
296 947 329 999 ut
343 939 394 998 titt
410 943 449 999 sit
468 958 535 1013 pars
552 943 662 1015 quinta,
690 943 869 1014 postmodum
896 943 951 1014 ipsi
978 942 1029 998 AB
1046 944 1083 999 ad
1110 945 1367 1004 circumferentiam

232 1034 404 1092 semicmeali
412 1035 552 1091 huntur
569 1035 818 1106 perpendiculares
835 1033 891 1102 CF,
911 1035 974 1103 ud,
992 1035 1061 1104 ΕΗ,
1072 1042 1369 1095 etconnectauturre-

232 1133 299 1185 ctae
313 1128 375 1198 All,
391 1126 450 1197 BP,
465 1129 529 1198 Ad,
547 1128 609 1197 ud,
627 1128 694 1194 en,
711 1127 774 1184 llll.
789 1128 856 1185 Post
875 1128 957 1198 baec,
976 1145 1014 1185 ex
1033 1128 1086 1186 HA
1106 1131 1288 1187 abscindatur
1305 1130 1364 1196 lll,

231 1221 358 1293 aequalis
373 1220 455 1279 lateri
472 1220 610 1292 decagoni
628 1221 658 1276 in
678 1236 712 1276 eo
730 1221 836 1276 circulo
852 1219 999 1290 descripti,
1022 1221 1104 1292 cujus
1131 1223 1363 1290 semidiameter,

229 1328 282 1369 sea
302 1312 376 1369 latas
393 1311 547 1383 magum,
566 1319 610 1369 est
628 1311 699 1379 illi3
717 1311 771 1368 boc
789 1316 833 1368 est
859 1310 972 1380 aperias
999 1310 1137 1367 circinum
1159 1328 1210 1382 pro
1227 1314 1367 1383 magnitu-

227 1402 297 1460 dine
314 1402 381 1472 BH,
398 1403 564 1476 firmatoque
583 1418 641 1458 uno
656 1403 756 1459 circini
776 1403 857 1474 pede,
876 1402 931 1457 ulie
949 1402 1036 1458 duces
1053 1403 1204 1471 circulum,
1224 1404 1305 1475 culus
1322 1407 1365 1461 in·

230 1495 330 1552 renisa
337 1494 610 1566 decagmen,qeod
623 1492 789 1553 iadllirnum
800 1497 887 1558 cccci,
901 1491 926 1547 si
936 1490 1056 1548 baberes
1064 1492 1125 1562 jam
1143 1493 1362 1552 instrumentum

229 1583 334 1642 mium
351 1601 406 1658 per
420 1600 456 1643 ea
468 1601 542 1659 quae
559 1585 690 1642 dicentur
707 1600 769 1654 cap.
789 1600 885 1653 rssrs,
894 1583 940 1656 (1).
958 1584 1085 1654 Accepta
1098 1584 1198 1656 itaque
1224 1586 1362 1655 decagoni

225 1677 395 1749 quandum,
412 1680 443 1735 at
458 1676 571 1733 llrmato
588 1691 646 1731 uno
662 1675 763 1731 circini
787 1675 859 1745 pede
877 1674 907 1728 in
927 1677 1033 1744 puncto
1056 1671 1103 1739 ll,
1122 1672 1178 1729 alio
1196 1674 1307 1730 semble
1325 1676 1360 1729 li·

226 1778 311 1822 num
322 1764 381 1821 ΗΔ
390 1766 422 1821 iu
437 1762 467 1834 l,
479 1765 621 1837 meaque
632 1769 739 1822 rectam
753 1762 801 1819 lli.
815 1761 944 1819 Tandem
956 1763 1034 1819 linea
1041 1761 1091 1819 uu
1104 1766 1216 1819 secetur
1230 1767 1359 1821 extrema

223 1869 259 1911 ac
287 1855 386 1913 madia
407 1854 528 1922 ratione,
554 1856 601 1912 vel
618 1870 670 1926 per
687 1854 790 1911 tradita
808 1853 844 1910 ab
861 1852 993 1922 Euclide,
1015 1853 1173 1924 prob-10,
1202 1869 1281 1924 prop.
1301 1860 1357 1922 tu,

224 1962 257 2002 rs
273 1944 335 2016 lib,
347 1948 394 2005 rel
406 1962 459 2019 par
474 1948 531 2010 illa,
549 1962 622 2020 quae
639 1962 656 2003 a
673 1947 756 2003 uobis
770 1945 988 2017 explicabuntur
1005 1946 1073 2002 dum
1090 1946 1127 2002 de
1144 1963 1197 2003 usu
1216 1946 1357 2004 linearum

224 2039 315 2096 verba
332 2038 484 2109 muana,
512 2056 573 2109 cap.
592 2040 699 2097 scilieet
717 2055 744 2094 r.
762 2038 922 2105 Postremo,
941 2043 1046 2108 puncto
1063 2037 1091 2093 A
1108 2037 1270 2094 inveniatur
1294 2053 1356 2108 per·

223 2129 427 2200 pandiculeris,
444 2134 477 2187 at
492 2130 523 2186 iu
541 2131 673 2201 exemplo
687 2129 787 2197 rides,
805 2128 897 2199 posito
914 2128 992 2186 eninr
1022 2144 1080 2184 uno
1098 2128 1200 2186 circini
1229 2130 1301 2200 pede
1327 2131 1358 2185 iu

223 2220 319 2279 medlo
335 2221 516 2289 semicirculi,
534 2225 648 2291 utputa
665 2221 697 2276 in
714 2218 749 2287 L,
767 2219 823 2276 alio
840 2223 961 2276 extenso
978 2233 1068 2290 usque
1084 2218 1121 2274 ad
1134 2218 1171 2284 A,
1184 2218 1290 2276 lineam
1302 2218 1354 2274 AB

221 2326 353 2371 mmor
369 2313 402 2370 in
419 2313 470 2383 Al,
489 2318 521 2370 et
538 2312 654 2384 ‘usuper
671 2315 752 2368 extra
775 2310 957 2367 semirenlnm
971 2358 973 2363 .
987 2323 1085 2365 arcum
1103 2306 1128 2365 N
1145 2309 1354 2376 describimus,

221 2405 362 2478 applicata
378 2407 478 2478 regula
494 2407 530 2461 ad
587 2410 685 2460 ustum
702 2401 733 2460 ll
747 2402 957 2459 intersectionis
978 2401 1090 2468 lineae,
1105 2405 1134 2457 et
1145 2402 1181 2457 ad
1193 2405 1324 2457 centrum
1340 2401 1353 2456 l

221 2495 253 2552 in
269 2498 365 2555 medio
381 2499 569 2555 semicirculis
586 2497 709 2559 lactum,
727 2495 887 2551 notabimus
906 2493 1135 2549 intersectionem
1154 2507 1236 2547 amus
1254 2490 1298 2558 N,
1324 2497 1357 2548 ut

221 2587 290 2644 lude
306 2586 462 2646 babeamus
475 2592 611 2658 puuctum
628 2585 846 2648 concisurum,
869 2600 907 2641 ex
923 2599 980 2654 quo
1006 2582 1193 2640 describenda
1219 2587 1264 2639 est
1290 2599 1354 2653 per·

221 2678 422 2749 pandiculeris,
440 2678 515 2735 bane
531 2677 691 2734 secabimus
709 2691 761 2746 pro
778 2674 953 2745 longitudine
972 2674 1056 2730 totius
1072 2673 1168 2729 lineae
1186 2674 1217 2728 in
1241 2671 1288 2728 0:
1306 2687 1355 2744 ap·

220 2773 324 2842 plicata
349 2773 446 2843 regula
462 2772 497 2827 ad
516 2774 652 2842 punctum
670 2767 692 2824 C
710 2771 740 2825 et
756 2764 802 2833 0,
825 2765 1001 2835 signabimus
1018 2764 1247 2821 intersectionem
1265 2764 1351 2820 semi·

218 2863 318 2919 circuli
336 2863 365 2919 in
385 2862 481 2932 1¹‚ex
501 2880 558 2935 quo
575 2866 680 2934 puncto
697 2860 833 2916 ducemus
850 2863 958 2915 rectum
976 2857 1011 2913 ad
1029 2856 1075 2924 A,
1095 2856 1246 2927 omniaque
1264 2861 1350 2912 munt

218 2952 357 3024 disposita
373 2953 408 3009 ad
426 2953 548 3010 luteram
566 2953 672 3009 lineam
690 2949 916 3007 describendam.
928 2946 1042 3003 Circino
1058 2947 1153 3018 itaque
1167 2946 1264 3018 aliquo
1277 2947 1352 3003 acci·

217 3043 280 3114 pias
289 3043 475 3115 quantitatem
488 3045 581 3100 lineae
593 3040 655 3107 lili,
671 3054 744 3112 qaae
758 3039 841 3095 nobis
860 3037 1001 3108 significat
1019 3038 1093 3093 latus
1106 3037 1289 3106 dodecaedri3
1304 3036 1352 3093 fir·
1444 3094 1446 3098 ,

215 3136 292 3189 malo
302 3147 362 3188 uno
373 3133 447 3203 pede
458 3132 559 3188 circini
571 3132 601 3187 in
617 3135 717 3187 centro
734 3128 927 3196 instrumenti,
946 3127 1002 3184 alio
1018 3127 1128 3184 sembis
1142 3131 1217 3185 luam
1233 3127 1348 3194 lineam,

216 3224 263 3282 nbi
281 3225 355 3282 lacta
373 3227 440 3281 nota
457 3211 536 3281 illam
554 3223 694 3294 singulam
718 3220 844 3291 signabis
872 3235 924 3290 per
952 3218 987 3275 lu
1014 3218 1060 3290 (a).
1086 3217 1198 3274 Deinde
1224 3217 1347 3286 accipies
1451 3240 1454 3247 ¹

216 3315 401 3388 quantitatem
417 3314 512 3371 lineae
529 3312 578 3381 iil,
597 3327 670 3385 quae
688 3310 811 3368 ostendit
827 3310 900 3366 latus
918 3308 1070 3378 icosaedri3
1088 3307 1201 3365 llrmato
1217 3323 1275 3363 uno
1292 3307 1346 3362 cir·

216 3404 275 3461 einl
292 3405 365 3476 pede
383 3405 413 3460 in
431 3408 530 3460 centro
547 3404 738 3468 instrumenti,
758 3401 807 3459 ubi
824 3402 896 3459 alius
915 3400 1059 3468 ceciderit,
1080 3400 1119 3457 ibi
1147 3399 1221 3457 meto
1242 3403 1347 3470 puncto

216 3495 356 3552 inscribas
372 3498 397 3549 a
415 3493 511 3551 Tertio
527 3494 649 3563 accipies
660 3493 846 3566 quantitatem
863 3492 958 3549 lineae
972 3490 1034 3559 AP,
1050 3506 1122 3563 quae
1134 3491 1257 3548 ostendit
1272 3490 1345 3547 latus

215 3587 363 3655 bassati,
392 3586 469 3643 bunc
498 3584 650 3643 transferes
673 3587 702 3642 in
723 3591 798 3641 tuam
815 3584 933 3652 lineam,
950 3588 979 3641 el
996 3584 1073 3640 illam
1092 3584 1218 3654 signabis
1234 3598 1286 3653 per
1300 3587 1345 3639 ao.

214 3677 321 3744 Quarto
337 3676 462 3747 accipies
478 3676 663 3747 quantitatem
681 3675 744 3742 ΒΗ,
764 3688 837 3747 qnae
855 3673 928 3730 latus
946 3673 1010 3731 cubi
1024 3674 1151 3745 praebet,
1161 3678 1192 3729 el
1206 3689 1256 3744 per
1270 3671 1345 3730 bane

213 3767 323 3825 secabis
340 3767 448 3824 linem
466 3767 660 3832 instrumenti,
678 3771 707 3822 et
726 3765 774 3821 ubi
791 3767 858 3820 nota
875 3764 941 3832 erit,
960 3764 1086 3835 signabis
1104 3768 1130 3819 e.
1149 3762 1255 3831 Quinto
1272 3766 1345 3822 acci·

214 3859 275 3928 pies
291 3857 480 3930 quantitatem
498 3856 591 3912 lineae
609 3855 659 3912 l'A
678 3871 729 3926 pro
745 3856 835 3913 tatere
858 3855 1003 3924 octaedri,
1031 3856 1080 3912 ubi
1109 3855 1246 3936 coelderit
1272 3857 1343 3912 alter

214 3968 266 4022 pes
284 3951 395 4018 circini,
408 3951 446 4007 ibi
467 3952 605 4009 inscribes
622 3955 648 4006 8.
666 3950 754 4006 Sexto
771 3955 802 4007 el
818 3951 917 4007 ultimo
933 3952 1056 4022 accipies
1073 3951 1259 4024 quantitatem
1277 3948 1342 4015 GA,

213 4054 287 4112 quae
306 4039 439 4096 tetraedri
457 4055 507 4096 seu
526 4040 673 4110 piramidis
690 4040 764 4096 latus
782 4039 909 4107 exbibet,
928 4040 1083 4097 secuudnru
1101 4055 1186 4112 quam
1204 4055 1221 4096 a
1242 4044 1342 4097 centro

272 4182 307 4244 (1)
322 4180 425 4231 lterum
448 4180 586 4246 c‘tnsegna
609 4195 624 4232 a
640 4179 767 4231 tabbrlcar
785 4180 813 4232 le
827 4181 997 4243 strumento,
1014 4181 1071 4232 dica
1086 4183 1137 4233 ebe
1152 4182 1176 4233 et
1191 4180 1347 4245 giorerebbe

207 4264 276 4314 sssal
291 4276 389 4315 aserne
405 4278 458 4316 uno
476 4266 551 4323 tatto,
568 4278 583 4315 e
599 4265 626 4314 to
641 4265 738 4328 replica
755 4278 861 4317 ancora.

270 4345 307 4406 (a)
321 4328 342 4394 A
357 4348 450 4411 troppo
465 4347 606 4398 suauitesto
622 4346 663 4396 dat
686 4360 734 4408 por
748 4348 835 4414 questi
857 4348 960 4399 numeri
983 4361 997 4398 a
1014 4349 1176 4412 sproposito,
1192 4348 1242 4397 obe
1259 4348 1344 4398 cestui

207 4437 262 4475 nou
281 4426 389 4477 inmnde
405 4430 495 4479 eunte
511 4427 573 4493 quel
588 4429 638 4478 ebe
658 4429 731 4479 siano
746 4431 831 4494 questi
847 4429 920 4495 corpt
940 4427 1061 4495 regelari.
